<?xml version="1.0" encoding="UTF-8"?>
<!DOCTYPE html PUBLIC "-//W3C//DTD XHTML 1.0 Transitional//EN"
    "http://www.w3.org/TR/xhtml1/DTD/xhtml1-transitional.dtd">
<html xmlns="http://www.w3.org/1999/xhtml" xml:lang="en" lang="en">
 <head>
  <title>
</title>
<meta http-equiv="Content-Type" content="text/html;charset=utf-8" />
  <meta name='ocr-system' content='tesseract 3.04.00' />
  <meta name='ocr-capabilities' content='ocr_page ocr_carea ocr_par ocr_line ocrx_word'/>
</head>
<body>
  <div class='ocr_page' id='page_1' title='image "annalesacademic02unkngoog_0117.png"; bbox 0 0 4874 6182; ppageno 0'>
   <div class='ocr_carea' id='block_1_1' title="bbox 728 661 1678 734">
    <p class='ocr_par' dir='ltr' id='par_1_1' title="bbox 728 661 1678 734">
     <span class='ocr_line' id='line_1_1' title="bbox 728 661 1678 734; baseline -0.004 -4"><span class='ocrx_word' id='word_1_1' title='bbox 728 663 791 734; x_wconf 87' lang='lat'>106</span> <span class='ocrx_word' id='word_1_2' title='bbox 1289 661 1322 728; x_wconf 89' lang='lat' dir='ltr'>F.</span> <span class='ocrx_word' id='word_1_3' title='bbox 1357 661 1390 730; x_wconf 86' lang='lat' dir='ltr'>C.</span> <span class='ocrx_word' id='word_1_4' title='bbox 1426 661 1678 727; x_wconf 82' lang='lat' dir='ltr'>DONDERS</span> 
     </span>
    </p>
   </div>
   <div class='ocr_carea' id='block_1_2' title="bbox 700 855 2236 2398">
    <p class='ocr_par' dir='ltr' id='par_1_2' title="bbox 700 855 2236 2398">
     <span class='ocr_line' id='line_1_2' title="bbox 729 855 2234 967; baseline 0 -23"><span class='ocrx_word' id='word_1_5' title='bbox 729 869 882 944; x_wconf 86' lang='lat' dir='ltr'>veniunt.</span> <span class='ocrx_word' id='word_1_6' title='bbox 945 871 1102 946; x_wconf 88' lang='lat' dir='ltr'>Medicas</span> <span class='ocrx_word' id='word_1_7' title='bbox 1136 869 1181 945; x_wconf 92' lang='lat' dir='ltr'>ad</span> <span class='ocrx_word' id='word_1_8' title='bbox 1214 869 1382 944; x_wconf 90' lang='lat' dir='ltr'>theoriam</span> <span class='ocrx_word' id='word_1_9' title='bbox 1402 855 1638 967; x_wconf 76' lang='lat' dir='ltr'>,summopere</span> <span class='ocrx_word' id='word_1_10' title='bbox 1675 865 1839 966; x_wconf 83' lang='lat' dir='ltr'>proclives</span> <span class='ocrx_word' id='word_1_11' title='bbox 1879 870 2051 965; x_wconf 86' lang='lat' dir='ltr'>proposui.</span> <span class='ocrx_word' id='word_1_12' title='bbox 2114 873 2234 950; x_wconf 86' lang='lat' dir='ltr'>Quod·</span> 
     </span>
     <span class='ocr_line' id='line_1_3' title="bbox 729 987 2236 1089; baseline 0.001 -25"><span class='ocrx_word' id='word_1_13' title='bbox 729 1013 878 1086; x_wconf 92' lang='lat' dir='ltr'>cumque</span> <span class='ocrx_word' id='word_1_14' title='bbox 910 989 1049 1070; x_wconf 89' lang='lat' dir='ltr'>videant</span> <span class='ocrx_word' id='word_1_15' title='bbox 1088 994 1150 1063; x_wconf 90' lang='lat' dir='ltr'>aut</span> <span class='ocrx_word' id='word_1_16' title='bbox 1190 990 1428 1089; x_wconf 79' lang='lat' dir='ltr'><strong>experiantur,</strong></span> <span class='ocrx_word' id='word_1_17' title='bbox 1473 989 1640 1088; x_wconf 86' lang='lat' dir='ltr'>explicare</span> <span class='ocrx_word' id='word_1_18' title='bbox 1677 987 1818 1060; x_wconf 76' lang='lat' dir='ltr'><strong>student</strong></span> <span class='ocrx_word' id='word_1_19' title='bbox 1857 995 1893 1060; x_wconf 91' lang='lat' dir='ltr'>et</span> <span class='ocrx_word' id='word_1_20' title='bbox 1930 987 2028 1060; x_wconf 83' lang='lat' dir='ltr'>facile</span> <span class='ocrx_word' id='word_1_21' title='bbox 2065 990 2236 1088; x_wconf 85' lang='lat' dir='ltr'>explicatu</span> 
     </span>
     <span class='ocr_line' id='line_1_4' title="bbox 727 1105 2233 1208; baseline 0.001 -26"><span class='ocrx_word' id='word_1_22' title='bbox 727 1116 862 1208; x_wconf 89' lang='lat' dir='ltr'>putant.</span> <span class='ocrx_word' id='word_1_23' title='bbox 914 1108 1011 1182; x_wconf 93' lang='lat' dir='ltr'>Nihil</span> <span class='ocrx_word' id='word_1_24' title='bbox 1041 1109 1134 1182; x_wconf 90' lang='lat' dir='ltr'>enim</span> <span class='ocrx_word' id='word_1_25' title='bbox 1157 1131 1261 1207; x_wconf 90' lang='lat' dir='ltr'>quam</span> <span class='ocrx_word' id='word_1_26' title='bbox 1294 1108 1445 1182; x_wconf 90' lang='lat' dir='ltr'>medicos</span> <span class='ocrx_word' id='word_1_27' title='bbox 1475 1107 1656 1182; x_wconf 78' lang='lat' dir='ltr'>rationales</span> <span class='ocrx_word' id='word_1_28' title='bbox 1689 1132 1725 1180; x_wconf 90' lang='lat' dir='ltr'>se</span> <span class='ocrx_word' id='word_1_29' title='bbox 1764 1129 1839 1178; x_wconf 90' lang='lat' dir='ltr'>esse</span> <span class='ocrx_word' id='word_1_30' title='bbox 1870 1113 1906 1179; x_wconf 87' lang='lat' dir='ltr'>et</span> <span class='ocrx_word' id='word_1_31' title='bbox 1937 1105 2056 1180; x_wconf 86' lang='lat' dir='ltr'>haberi</span> <span class='ocrx_word' id='word_1_32' title='bbox 2084 1132 2233 1206; x_wconf 87' lang='lat' dir='ltr'>pracser-</span> 
     </span>
     <span class='ocr_line' id='line_1_5' title="bbox 725 1223 2232 1326; baseline 0.001 -25"><span class='ocrx_word' id='word_1_33' title='bbox 725 1228 789 1302; x_wconf 88' lang='lat' dir='ltr'>tim</span> <span class='ocrx_word' id='word_1_34' title='bbox 820 1227 997 1325; x_wconf 90' lang='lat' dir='ltr'>antiquius</span> <span class='ocrx_word' id='word_1_35' title='bbox 1024 1227 1174 1315; x_wconf 89' lang='lat' dir='ltr'>habent,</span> <span class='ocrx_word' id='word_1_36' title='bbox 1206 1227 1356 1326; x_wconf 84' lang='lat' dir='ltr'>vitioque</span> <span class='ocrx_word' id='word_1_37' title='bbox 1387 1233 1525 1302; x_wconf 74' lang='lat' dir='ltr'>venunt</span> <span class='ocrx_word' id='word_1_38' title='bbox 1550 1251 1586 1300; x_wconf 86' lang='lat' dir='ltr'>se</span> <span class='ocrx_word' id='word_1_39' title='bbox 1622 1225 1861 1324; x_wconf 83' lang='lat' dir='ltr'>empiricorum</span> <span class='ocrx_word' id='word_1_40' title='bbox 1883 1223 2022 1298; x_wconf 90' lang='lat' dir='ltr'>nomina</span> <span class='ocrx_word' id='word_1_41' title='bbox 2052 1226 2232 1326; x_wconf 90' lang='lat' dir='ltr'>designari.</span> 
     </span>
     <span class='ocr_line' id='line_1_6' title="bbox 724 1341 2235 1445; baseline -0.001 -25"><span class='ocrx_word' id='word_1_42' title='bbox 724 1347 771 1420; x_wconf 86' lang='lat' dir='ltr'>Et</span> <span class='ocrx_word' id='word_1_43' title='bbox 807 1371 909 1435; x_wconf 88' lang='lat' dir='ltr'>sane,</span> <span class='ocrx_word' id='word_1_44' title='bbox 952 1371 1062 1445; x_wconf 92' lang='lat' dir='ltr'>quum</span> <span class='ocrx_word' id='word_1_45' title='bbox 1104 1347 1258 1444; x_wconf 82' lang='lat' dir='ltr'>plerique</span> <span class='ocrx_word' id='word_1_46' title='bbox 1307 1343 1433 1420; x_wconf 92' lang='lat' dir='ltr'>medici</span> <span class='ocrx_word' id='word_1_47' title='bbox 1476 1343 1654 1442; x_wconf 90' lang='lat' dir='ltr'>empiriam</span> <span class='ocrx_word' id='word_1_48' title='bbox 1701 1341 1787 1416; x_wconf 90' lang='lat' dir='ltr'>adeo</span> <span class='ocrx_word' id='word_1_49' title='bbox 1834 1343 1930 1439; x_wconf 90' lang='lat' dir='ltr'>parvi</span> <span class='ocrx_word' id='word_1_50' title='bbox 1975 1343 2145 1432; x_wconf 82' lang='lat' dir='ltr'>habeant,</span> <span class='ocrx_word' id='word_1_51' title='bbox 2195 1357 2235 1419; x_wconf 91' lang='lat' dir='ltr'>ut</span> 
     </span>
     <span class='ocr_line' id='line_1_7' title="bbox 727 1461 2234 1564; baseline 0 -26"><span class='ocrx_word' id='word_1_52' title='bbox 727 1465 969 1564; x_wconf 87' lang='lat' dir='ltr'>empiricorum</span> <span class='ocrx_word' id='word_1_53' title='bbox 1006 1465 1107 1539; x_wconf 90' lang='lat' dir='ltr'>titulo</span> <span class='ocrx_word' id='word_1_54' title='bbox 1144 1465 1314 1563; x_wconf 82' lang='lat' dir='ltr'>designati</span> <span class='ocrx_word' id='word_1_55' title='bbox 1343 1466 1394 1538; x_wconf 87' lang='lat' dir='ltr'>ira</span> <span class='ocrx_word' id='word_1_56' title='bbox 1420 1463 1690 1550; x_wconf 87' lang='lat' dir='ltr'>excandescant,</span> <span class='ocrx_word' id='word_1_57' title='bbox 1716 1487 1737 1536; x_wconf 90' lang='lat' dir='ltr'>a</span> <span class='ocrx_word' id='word_1_58' title='bbox 1762 1461 2020 1560; x_wconf 82' lang='lat' dir='ltr'>disciplinarum</span> <span class='ocrx_word' id='word_1_59' title='bbox 2047 1464 2234 1540; x_wconf 88' lang='lat' dir='ltr'>cultoribus</span> 
     </span>
     <span class='ocr_line' id='line_1_8' title="bbox 724 1581 2233 1694; baseline 0 -36"><span class='ocrx_word' id='word_1_60' title='bbox 724 1584 818 1694; x_wconf 88' lang='lat' dir='ltr'>quid</span> <span class='ocrx_word' id='word_1_61' title='bbox 832 1585 928 1660; x_wconf 91' lang='lat' dir='ltr'>aliud</span> <span class='ocrx_word' id='word_1_62' title='bbox 953 1584 1143 1683; x_wconf 88' lang='lat' dir='ltr'>exspectari</span> <span class='ocrx_word' id='word_1_63' title='bbox 1166 1587 1323 1683; x_wconf 83' lang='lat' dir='ltr'>poterat?</span> <span class='ocrx_word' id='word_1_64' title='bbox 1375 1583 1521 1658; x_wconf 81' lang='lat' dir='ltr'>Accedit</span> <span class='ocrx_word' id='word_1_65' title='bbox 1543 1582 1651 1657; x_wconf 88' lang='lat' dir='ltr'>altera</span> <span class='ocrx_word' id='word_1_66' title='bbox 1675 1605 1796 1669; x_wconf 87' lang='lat' dir='ltr'>causa,</span> <span class='ocrx_word' id='word_1_67' title='bbox 1821 1605 1910 1688; x_wconf 88' lang='lat' dir='ltr'>quae</span> <span class='ocrx_word' id='word_1_68' title='bbox 1931 1581 2010 1680; x_wconf 88' lang='lat' dir='ltr'>jure</span> <span class='ocrx_word' id='word_1_69' title='bbox 2035 1591 2152 1656; x_wconf 86' lang='lat' dir='ltr'>cautos</span> <span class='ocrx_word' id='word_1_70' title='bbox 2175 1609 2233 1658; x_wconf 89' lang='lat' dir='ltr'>cos</span> 
     </span>
     <span class='ocr_line' id='line_1_9' title="bbox 724 1700 2235 1804; baseline 0 -28"><span class='ocrx_word' id='word_1_71' title='bbox 724 1703 855 1778; x_wconf 89' lang='lat' dir='ltr'>reddit:</span> <span class='ocrx_word' id='word_1_72' title='bbox 891 1705 1118 1803; x_wconf 85' lang='lat' dir='ltr'>practicarum</span> <span class='ocrx_word' id='word_1_73' title='bbox 1152 1730 1277 1804; x_wconf 89' lang='lat' dir='ltr'>nempe</span> <span class='ocrx_word' id='word_1_74' title='bbox 1308 1703 1512 1780; x_wconf 87' lang='lat' dir='ltr'>observandi</span> <span class='ocrx_word' id='word_1_75' title='bbox 1536 1710 1571 1776; x_wconf 88' lang='lat' dir='ltr'>et</span> <span class='ocrx_word' id='word_1_76' title='bbox 1598 1701 1801 1801; x_wconf 80' lang='lat' dir='ltr'>experiundi</span> <span class='ocrx_word' id='word_1_77' title='bbox 1823 1700 2019 1774; x_wconf 88' lang='lat' dir='ltr'>methodus.</span> <span class='ocrx_word' id='word_1_78' title='bbox 2071 1702 2235 1802; x_wconf 67' lang='lat' dir='ltr'>Complu:</span> 
     </span>
     <span class='ocr_line' id='line_1_10' title="bbox 723 1817 2232 1922; baseline 0.001 -26"><span class='ocrx_word' id='word_1_79' title='bbox 723 1847 778 1897; x_wconf 89' lang='lat' dir='ltr'>res</span> <span class='ocrx_word' id='word_1_80' title='bbox 813 1823 978 1897; x_wconf 90' lang='lat' dir='ltr'>nimirum</span> <span class='ocrx_word' id='word_1_81' title='bbox 1010 1824 1100 1898; x_wconf 90' lang='lat' dir='ltr'>inter</span> <span class='ocrx_word' id='word_1_82' title='bbox 1136 1825 1303 1922; x_wconf 80' lang='lat' dir='ltr'>practicus</span> <span class='ocrx_word' id='word_1_83' title='bbox 1340 1849 1454 1898; x_wconf 90' lang='lat' dir='ltr'>veram</span> <span class='ocrx_word' id='word_1_84' title='bbox 1489 1821 1693 1896; x_wconf 89' lang='lat' dir='ltr'>observandi</span> <span class='ocrx_word' id='word_1_85' title='bbox 1734 1828 1769 1894; x_wconf 93' lang='lat' dir='ltr'>et</span> <span class='ocrx_word' id='word_1_86' title='bbox 1806 1819 1993 1894; x_wconf 89' lang='lat' dir='ltr'>inducendi</span> <span class='ocrx_word' id='word_1_87' title='bbox 2033 1817 2232 1898; x_wconf 84' lang='lat' dir='ltr'>methodum</span> 
     </span>
     <span class='ocr_line' id='line_1_11' title="bbox 723 1938 2232 2040; baseline 0.001 -25"><span class='ocrx_word' id='word_1_88' title='bbox 723 1966 917 2040; x_wconf 80' lang='lat' dir='ltr'>numquam</span> <span class='ocrx_word' id='word_1_89' title='bbox 943 1942 1057 2017; x_wconf 89' lang='lat' dir='ltr'>edocti</span> <span class='ocrx_word' id='word_1_90' title='bbox 1079 1943 1116 2016; x_wconf 92' lang='lat' dir='ltr'>in</span> <span class='ocrx_word' id='word_1_91' title='bbox 1138 1969 1175 2017; x_wconf 89' lang='lat' dir='ltr'>re</span> <span class='ocrx_word' id='word_1_92' title='bbox 1196 1943 1308 2018; x_wconf 82' lang='lat' dir='ltr'>fallaci</span> <span class='ocrx_word' id='word_1_93' title='bbox 1330 1944 1416 2018; x_wconf 92' lang='lat' dir='ltr'>adeo</span> <span class='ocrx_word' id='word_1_94' title='bbox 1438 1951 1472 2018; x_wconf 87' lang='lat' dir='ltr'>et</span> <span class='ocrx_word' id='word_1_95' title='bbox 1492 1941 1622 2016; x_wconf 85' lang='lat' dir='ltr'>difficili</span> <span class='ocrx_word' id='word_1_96' title='bbox 1643 1947 1684 2014; x_wconf 89' lang='lat' dir='ltr'>ut</span> <span class='ocrx_word' id='word_1_97' title='bbox 1704 1938 1875 2014; x_wconf 89' lang='lat' dir='ltr'>medicina</span> <span class='ocrx_word' id='word_1_98' title='bbox 1900 1948 1971 2028; x_wconf 90' lang='lat' dir='ltr'>est,</span> <span class='ocrx_word' id='word_1_99' title='bbox 1996 1940 2041 2014; x_wconf 92' lang='lat' dir='ltr'>ob</span> <span class='ocrx_word' id='word_1_100' title='bbox 2068 1965 2232 2040; x_wconf 90' lang='lat' dir='ltr'>magnum</span> 
     </span>
     <span class='ocr_line' id='line_1_12' title="bbox 722 2060 2232 2162; baseline 0.003 -29"><span class='ocrx_word' id='word_1_101' title='bbox 722 2061 880 2160; x_wconf 86' lang='lat' dir='ltr'>inprimis</span> <span class='ocrx_word' id='word_1_102' title='bbox 917 2075 1101 2136; x_wconf 84' lang='lat' dir='ltr'>causarum</span> <span class='ocrx_word' id='word_1_103' title='bbox 1134 2071 1169 2136; x_wconf 89' lang='lat' dir='ltr'>et</span> <span class='ocrx_word' id='word_1_104' title='bbox 1199 2065 1515 2162; x_wconf 90' lang='lat' dir='ltr'>phaenomenorum</span> <span class='ocrx_word' id='word_1_105' title='bbox 1548 2061 1788 2159; x_wconf 89' lang='lat' dir='ltr'>complexum,</span> <span class='ocrx_word' id='word_1_106' title='bbox 1825 2060 1870 2134; x_wconf 88' lang='lat' dir='ltr'>ad</span> <span class='ocrx_word' id='word_1_107' title='bbox 1900 2085 2029 2136; x_wconf 88' lang='lat' dir='ltr'>errores</span> <span class='ocrx_word' id='word_1_108' title='bbox 2060 2085 2131 2136; x_wconf 90' lang='lat' dir='ltr'>non</span> <span class='ocrx_word' id='word_1_109' title='bbox 2161 2087 2232 2137; x_wconf 88' lang='lat' dir='ltr'>esse</span> 
     </span>
     <span class='ocr_line' id='line_1_13' title="bbox 700 2179 2233 2278; baseline -0.001 -20"><span class='ocrx_word' id='word_1_110' title='bbox 700 2181 886 2277; x_wconf 68' lang='lat' dir='ltr'>,proclives</span> <span class='ocrx_word' id='word_1_111' title='bbox 908 2190 1105 2278; x_wconf 89' lang='lat' dir='ltr'>nequeunt;</span> <span class='ocrx_word' id='word_1_112' title='bbox 1141 2189 1182 2255; x_wconf 90' lang='lat' dir='ltr'>ut</span> <span class='ocrx_word' id='word_1_113' title='bbox 1210 2183 1368 2256; x_wconf 88' lang='lat' dir='ltr'>omittam</span> <span class='ocrx_word' id='word_1_114' title='bbox 1397 2207 1473 2269; x_wconf 90' lang='lat' dir='ltr'>cos,</span> <span class='ocrx_word' id='word_1_115' title='bbox 1499 2205 1586 2278; x_wconf 92' lang='lat' dir='ltr'>quos</span> <span class='ocrx_word' id='word_1_116' title='bbox 1621 2203 1689 2252; x_wconf 87' lang='lat' dir='ltr'>suo</span> <span class='ocrx_word' id='word_1_117' title='bbox 1708 2179 1781 2277; x_wconf 89' lang='lat' dir='ltr'>jam</span> <span class='ocrx_word' id='word_1_118' title='bbox 1813 2188 1968 2278; x_wconf 90' lang='lat' dir='ltr'>tempore</span> <span class='ocrx_word' id='word_1_119' title='bbox 1993 2181 2233 2256; x_wconf 89' lang='lat' dir='ltr'>celeberrimus</span> 
     </span>
     <span class='ocr_line' id='line_1_14' title="bbox 723 2299 2231 2398; baseline 0.003 -27"><span class='ocrx_word' id='word_1_120' title='bbox 723 2299 1025 2375; x_wconf 87' lang='lat' dir='ltr'>Zimmermannus</span> <span class='ocrx_word' id='word_1_121' title='bbox 1057 2301 1188 2374; x_wconf 80' lang='lat' dir='ltr'>acerbis</span> <span class='ocrx_word' id='word_1_122' title='bbox 1223 2301 1334 2375; x_wconf 90' lang='lat' dir='ltr'>verbis</span> <span class='ocrx_word' id='word_1_123' title='bbox 1366 2302 1554 2374; x_wconf 87' lang='lat' dir='ltr'>insectatus</span> <span class='ocrx_word' id='word_1_124' title='bbox 1584 2307 1659 2387; x_wconf 89' lang='lat' dir='ltr'>est,</span> <span class='ocrx_word' id='word_1_125' title='bbox 1698 2305 1818 2397; x_wconf 88' lang='lat' dir='ltr'>utpote</span> <span class='ocrx_word' id='word_1_126' title='bbox 1848 2300 2058 2398; x_wconf 89' lang='lat' dir='ltr'>experientia</span> <span class='ocrx_word' id='word_1_127' title='bbox 2085 2327 2148 2376; x_wconf 89' lang='lat' dir='ltr'>sua</span> <span class='ocrx_word' id='word_1_128' title='bbox 2178 2325 2231 2375; x_wconf 90' lang='lat' dir='ltr'>su·</span> 
     </span>
    </p>
   </div>
   <div class='ocr_carea' id='block_1_3' title="bbox 716 2417 2235 3706">
    <p class='ocr_par' dir='ltr' id='par_1_3' title="bbox 716 2417 2235 3444">
     <span class='ocr_line' id='line_1_15' title="bbox 719 2417 2232 2519; baseline 0.003 -28"><span class='ocrx_word' id='word_1_129' title='bbox 719 2417 935 2515; x_wconf 88' lang='lat' dir='ltr'>perbientes,</span> <span class='ocrx_word' id='word_1_130' title='bbox 980 2419 1060 2494; x_wconf 90' lang='lat' dir='ltr'>licet</span> <span class='ocrx_word' id='word_1_131' title='bbox 1100 2421 1244 2494; x_wconf 87' lang='lat' dir='ltr'>modam</span> <span class='ocrx_word' id='word_1_132' title='bbox 1277 2428 1458 2519; x_wconf 86' lang='lat' dir='ltr'>receptum</span> <span class='ocrx_word' id='word_1_133' title='bbox 1502 2443 1564 2517; x_wconf 88' lang='lat' dir='ltr'>par</span> <span class='ocrx_word' id='word_1_134' title='bbox 1603 2425 1711 2493; x_wconf 87' lang='lat' dir='ltr'>totam</span> <span class='ocrx_word' id='word_1_135' title='bbox 1755 2419 1859 2493; x_wconf 86' lang='lat' dir='ltr'>vitam</span> <span class='ocrx_word' id='word_1_136' title='bbox 1898 2419 2021 2493; x_wconf 85' lang='lat' dir='ltr'>sectati</span> <span class='ocrx_word' id='word_1_137' title='bbox 2061 2420 2131 2495; x_wconf 91' lang='lat' dir='ltr'>sint</span> <span class='ocrx_word' id='word_1_138' title='bbox 2171 2445 2232 2494; x_wconf 91' lang='lat' dir='ltr'>nec</span> 
     </span>
     <span class='ocr_line' id='line_1_16' title="bbox 720 2535 2234 2636; baseline 0.003 -28"><span class='ocrx_word' id='word_1_139' title='bbox 720 2560 819 2610; x_wconf 91' lang='lat' dir='ltr'>senes</span> <span class='ocrx_word' id='word_1_140' title='bbox 849 2537 929 2635; x_wconf 92' lang='lat' dir='ltr'>plus</span> <span class='ocrx_word' id='word_1_141' title='bbox 960 2539 1096 2636; x_wconf 88' lang='lat' dir='ltr'>sapiant</span> <span class='ocrx_word' id='word_1_142' title='bbox 1122 2563 1226 2636; x_wconf 93' lang='lat' dir='ltr'>quam</span> <span class='ocrx_word' id='word_1_143' title='bbox 1251 2537 1404 2636; x_wconf 88' lang='lat' dir='ltr'>juvenes.</span> <span class='ocrx_word' id='word_1_144' title='bbox 1455 2536 1549 2612; x_wconf 89' lang='lat' dir='ltr'>Hinc</span> <span class='ocrx_word' id='word_1_145' title='bbox 1575 2561 1596 2610; x_wconf 91' lang='lat' dir='ltr'>a</span> <span class='ocrx_word' id='word_1_146' title='bbox 1621 2535 1710 2608; x_wconf 90' lang='lat' dir='ltr'>bene</span> <span class='ocrx_word' id='word_1_147' title='bbox 1732 2535 1852 2609; x_wconf 87' lang='lat' dir='ltr'>multis</span> <span class='ocrx_word' id='word_1_148' title='bbox 1878 2535 1948 2610; x_wconf 86' lang='lat' dir='ltr'>lide</span> <span class='ocrx_word' id='word_1_149' title='bbox 1980 2536 2094 2610; x_wconf 91' lang='lat' dir='ltr'>minus</span> <span class='ocrx_word' id='word_1_150' title='bbox 2126 2537 2234 2636; x_wconf 88' lang='lat' dir='ltr'>digna</span> 
     </span>
     <span class='ocr_line' id='line_1_17' title="bbox 718 2653 2229 2754; baseline 0.003 -28"><span class='ocrx_word' id='word_1_151' title='bbox 718 2653 838 2729; x_wconf 89' lang='lat' dir='ltr'>haberi</span> <span class='ocrx_word' id='word_1_152' title='bbox 862 2680 1006 2754; x_wconf 89' lang='lat' dir='ltr'>praxeos</span> <span class='ocrx_word' id='word_1_153' title='bbox 1029 2657 1183 2731; x_wconf 87' lang='lat' dir='ltr'>medicae</span> <span class='ocrx_word' id='word_1_154' title='bbox 1214 2655 1335 2744; x_wconf 87' lang='lat' dir='ltr'>effata,</span> <span class='ocrx_word' id='word_1_155' title='bbox 1362 2681 1431 2730; x_wconf 89' lang='lat' dir='ltr'>non</span> <span class='ocrx_word' id='word_1_156' title='bbox 1463 2662 1516 2730; x_wconf 91' lang='lat' dir='ltr'>est</span> <span class='ocrx_word' id='word_1_157' title='bbox 1546 2653 1641 2753; x_wconf 91' lang='lat' dir='ltr'>quod</span> <span class='ocrx_word' id='word_1_158' title='bbox 1667 2654 1842 2729; x_wconf 88' lang='lat' dir='ltr'>miremur.</span> <span class='ocrx_word' id='word_1_159' title='bbox 1894 2655 2025 2732; x_wconf 86' lang='lat' dir='ltr'>Quodsi</span> <span class='ocrx_word' id='word_1_160' title='bbox 2046 2663 2229 2754; x_wconf 89' lang='lat' dir='ltr'>propterea</span> 
     </span>
     <span class='ocr_line' id='line_1_18' title="bbox 718 2773 2235 2874; baseline 0.002 -27"><span class='ocrx_word' id='word_1_161' title='bbox 718 2774 861 2872; x_wconf 87' lang='lat' dir='ltr'>empiria</span> <span class='ocrx_word' id='word_1_162' title='bbox 905 2776 1040 2851; x_wconf 89' lang='lat' dir='ltr'>medica</span> <span class='ocrx_word' id='word_1_163' title='bbox 1081 2777 1118 2849; x_wconf 91' lang='lat' dir='ltr'>in</span> <span class='ocrx_word' id='word_1_164' title='bbox 1170 2776 1369 2850; x_wconf 89' lang='lat' dir='ltr'>universum</span> <span class='ocrx_word' id='word_1_165' title='bbox 1415 2775 1512 2874; x_wconf 89' lang='lat' dir='ltr'>parvi</span> <span class='ocrx_word' id='word_1_166' title='bbox 1565 2773 1754 2861; x_wconf 88' lang='lat' dir='ltr'>habeatur,</span> <span class='ocrx_word' id='word_1_167' title='bbox 1811 2773 2136 2873; x_wconf 82' lang='lat' dir='ltr'>disciplinarumque</span> <span class='ocrx_word' id='word_1_168' title='bbox 2188 2777 2235 2850; x_wconf 90' lang='lat' dir='ltr'>ad</span> 
     </span>
     <span class='ocr_line' id='line_1_19' title="bbox 716 2891 2233 2996; baseline -0.001 -27"><span class='ocrx_word' id='word_1_169' title='bbox 716 2895 923 2972; x_wconf 88' lang='lat' dir='ltr'>medicinam</span> <span class='ocrx_word' id='word_1_170' title='bbox 960 2897 1189 2996; x_wconf 88' lang='lat' dir='ltr'>spectantium</span> <span class='ocrx_word' id='word_1_171' title='bbox 1228 2898 1397 2986; x_wconf 85' lang='lat' dir='ltr'>cultores,</span> <span class='ocrx_word' id='word_1_172' title='bbox 1431 2895 1646 2994; x_wconf 89' lang='lat' dir='ltr'>scepticismo</span> <span class='ocrx_word' id='word_1_173' title='bbox 1682 2891 1818 2966; x_wconf 89' lang='lat' dir='ltr'>infinito</span> <span class='ocrx_word' id='word_1_174' title='bbox 1850 2891 2101 2990; x_wconf 87' lang='lat' dir='ltr'>indulgentes,</span> <span class='ocrx_word' id='word_1_175' title='bbox 2137 2895 2233 2968; x_wconf 90' lang='lat' dir='ltr'>dam·</span> 
     </span>
     <span class='ocr_line' id='line_1_20' title="bbox 719 3011 2235 3115; baseline 0.001 -29"><span class='ocrx_word' id='word_1_176' title='bbox 719 3039 800 3089; x_wconf 90' lang='lat' dir='ltr'>nare</span> <span class='ocrx_word' id='word_1_177' title='bbox 839 3041 910 3090; x_wconf 90' lang='lat' dir='ltr'>non</span> <span class='ocrx_word' id='word_1_178' title='bbox 945 3016 1108 3090; x_wconf 90' lang='lat' dir='ltr'>dubitant</span> <span class='ocrx_word' id='word_1_179' title='bbox 1138 3041 1180 3092; x_wconf 91' lang='lat' dir='ltr'>ea</span> <span class='ocrx_word' id='word_1_180' title='bbox 1212 3039 1360 3115; x_wconf 90' lang='lat' dir='ltr'>quorum</span> <span class='ocrx_word' id='word_1_181' title='bbox 1395 3015 1605 3113; x_wconf 85' lang='lat' dir='ltr'>experientia</span> <span class='ocrx_word' id='word_1_182' title='bbox 1635 3013 1710 3086; x_wconf 92' lang='lat' dir='ltr'>illos</span> <span class='ocrx_word' id='word_1_183' title='bbox 1741 3012 1843 3110; x_wconf 91' lang='lat' dir='ltr'>plane</span> <span class='ocrx_word' id='word_1_184' title='bbox 1877 3011 2013 3099; x_wconf 89' lang='lat' dir='ltr'>deficit,</span> <span class='ocrx_word' id='word_1_185' title='bbox 2056 3019 2110 3086; x_wconf 88' lang='lat' dir='ltr'>cst</span> <span class='ocrx_word' id='word_1_186' title='bbox 2140 3014 2235 3112; x_wconf 90' lang='lat' dir='ltr'>quod</span> 
     </span>
     <span class='ocr_line' id='line_1_21' title="bbox 717 3129 2232 3231; baseline 0 -25"><span class='ocrx_word' id='word_1_187' title='bbox 717 3134 866 3206; x_wconf 86' lang='lat' dir='ltr'>maxime</span> <span class='ocrx_word' id='word_1_188' title='bbox 910 3133 1154 3231; x_wconf 93' lang='lat' dir='ltr'>improbemus.</span> <span class='ocrx_word' id='word_1_189' title='bbox 1217 3133 1422 3208; x_wconf 88' lang='lat' dir='ltr'>Subvertere</span> <span class='ocrx_word' id='word_1_190' title='bbox 1466 3134 1582 3208; x_wconf 89' lang='lat' dir='ltr'>omnia</span> <span class='ocrx_word' id='word_1_191' title='bbox 1629 3139 1682 3205; x_wconf 92' lang='lat' dir='ltr'>est</span> <span class='ocrx_word' id='word_1_192' title='bbox 1737 3155 1818 3204; x_wconf 91' lang='lat' dir='ltr'>saue</span> <span class='ocrx_word' id='word_1_193' title='bbox 1872 3129 2094 3204; x_wconf 82' lang='lat' dir='ltr'>facillimum!</span> <span class='ocrx_word' id='word_1_194' title='bbox 2160 3133 2232 3207; x_wconf 89' lang='lat' dir='ltr'>Sed</span> 
     </span>
     <span class='ocr_line' id='line_1_22' title="bbox 718 3249 2230 3354; baseline 0.001 -31"><span class='ocrx_word' id='word_1_195' title='bbox 718 3273 798 3324; x_wconf 84' lang='lat' dir='ltr'>vera</span> <span class='ocrx_word' id='word_1_196' title='bbox 828 3277 849 3325; x_wconf 90' lang='lat' dir='ltr'>a</span> <span class='ocrx_word' id='word_1_197' title='bbox 879 3251 973 3325; x_wconf 81' lang='lat' dir='ltr'>falsis</span> <span class='ocrx_word' id='word_1_198' title='bbox 1007 3251 1236 3351; x_wconf 84' lang='lat' dir='ltr'>distinguere,</span> <span class='ocrx_word' id='word_1_199' title='bbox 1269 3251 1315 3354; x_wconf 86' lang='lat' dir='ltr'>ad</span> <span class='ocrx_word' id='word_1_200' title='bbox 1345 3251 1440 3350; x_wconf 91' lang='lat' dir='ltr'>quod</span> <span class='ocrx_word' id='word_1_201' title='bbox 1469 3251 1561 3350; x_wconf 90' lang='lat' dir='ltr'>ipsos</span> <span class='ocrx_word' id='word_1_202' title='bbox 1586 3251 1737 3325; x_wconf 81' lang='lat' dir='ltr'>conferre</span> <span class='ocrx_word' id='word_1_203' title='bbox 1767 3256 1920 3348; x_wconf 88' lang='lat' dir='ltr'>oportet,</span> <span class='ocrx_word' id='word_1_204' title='bbox 1952 3249 2141 3348; x_wconf 88' lang='lat' dir='ltr'>hocopus,</span> <span class='ocrx_word' id='word_1_205' title='bbox 2171 3250 2230 3324; x_wconf 89' lang='lat' dir='ltr'>hic</span> 
     </span>
     <span class='ocr_line' id='line_1_23' title="bbox 716 3363 1571 3444; baseline 0 -1"><span class='ocrx_word' id='word_1_206' title='bbox 716 3367 813 3443; x_wconf 89' lang='lat' dir='ltr'>labor</span> <span class='ocrx_word' id='word_1_207' title='bbox 847 3377 908 3444; x_wconf 85' lang='lat' dir='ltr'>ast.</span> <span class='ocrx_word' id='word_1_208' title='bbox 1007 3391 1009 3396; x_wconf 90' lang='lat'>·</span> <span class='ocrx_word' id='word_1_209' title='bbox 1567 3363 1571 3368; x_wconf 75' lang='grc'><strong>’</strong></span> 
     </span>
    </p>

    <p class='ocr_par' dir='ltr' id='par_1_4' title="bbox 719 3487 2232 3706">
     <span class='ocr_line' id='line_1_24' title="bbox 767 3487 2232 3590; baseline 0.003 -30"><span class='ocrx_word' id='word_1_210' title='bbox 767 3488 952 3563; x_wconf 87' lang='lat' dir='ltr'>Summum</span> <span class='ocrx_word' id='word_1_211' title='bbox 986 3489 1147 3564; x_wconf 87' lang='lat' dir='ltr'>scientiae</span> <span class='ocrx_word' id='word_1_212' title='bbox 1178 3490 1237 3588; x_wconf 91' lang='lat' dir='ltr'>jus</span> <span class='ocrx_word' id='word_1_213' title='bbox 1269 3490 1408 3590; x_wconf 89' lang='lat' dir='ltr'>plenam</span> <span class='ocrx_word' id='word_1_214' title='bbox 1436 3488 1630 3589; x_wconf 88' lang='lat' dir='ltr'>praedicavi</span> <span class='ocrx_word' id='word_1_215' title='bbox 1657 3487 1871 3575; x_wconf 88' lang='lat' dir='ltr'>libertatem,</span> <span class='ocrx_word' id='word_1_216' title='bbox 1900 3489 2094 3563; x_wconf 90' lang='lat' dir='ltr'>immunem</span> <span class='ocrx_word' id='word_1_217' title='bbox 2116 3489 2232 3577; x_wconf 88' lang='lat' dir='ltr'>illam,</span> 
     </span>
     <span class='ocr_line' id='line_1_25' title="bbox 719 3593 2231 3706; baseline 0.001 -26"><span class='ocrx_word' id='word_1_218' title='bbox 719 3631 783 3680; x_wconf 88' lang='lat' dir='ltr'>nec</span> <span class='ocrx_word' id='word_1_219' title='bbox 804 3609 966 3704; x_wconf 76' lang='lat' dir='ltr'>amquam</span> <span class='ocrx_word' id='word_1_220' title='bbox 990 3608 1185 3682; x_wconf 80' lang='lat' dir='ltr'>obnoxiam.</span> <span class='ocrx_word' id='word_1_221' title='bbox 1237 3593 1343 3687; x_wconf 83' lang='lat' dir='ltr'>Quod</span> <span class='ocrx_word' id='word_1_222' title='bbox 1367 3617 1483 3684; x_wconf 88' lang='lat' dir='ltr'>tamen</span> <span class='ocrx_word' id='word_1_223' title='bbox 1505 3609 1601 3682; x_wconf 89' lang='lat' dir='ltr'>haud</span> <span class='ocrx_word' id='word_1_224' title='bbox 1622 3609 1672 3682; x_wconf 92' lang='lat' dir='ltr'>ita</span> <span class='ocrx_word' id='word_1_225' title='bbox 1692 3607 1921 3705; x_wconf 89' lang='lat' dir='ltr'>intelligatur,</span> <span class='ocrx_word' id='word_1_226' title='bbox 1947 3632 1988 3682; x_wconf 89' lang='lat' dir='ltr'>ac</span> <span class='ocrx_word' id='word_1_227' title='bbox 2015 3607 2046 3680; x_wconf 90' lang='lat' dir='ltr'>si</span> <span class='ocrx_word' id='word_1_228' title='bbox 2075 3607 2231 3706; x_wconf 81' lang='lat' dir='ltr'>singulae</span> 
     </span>
    </p>
   </div>
   <div class='ocr_carea' id='block_1_4' title="bbox 720 3723 2352 3837">
    <p class='ocr_par' dir='ltr' id='par_1_5' title="bbox 720 3723 2352 3837">
     <span class='ocr_line' id='line_1_26' title="bbox 720 3723 2352 3837; baseline 0.006 -41"><span class='ocrx_word' id='word_1_229' title='bbox 720 3723 920 3823; x_wconf 88' lang='lat' dir='ltr'>disciplinae</span> <span class='ocrx_word' id='word_1_230' title='bbox 959 3725 1122 3837; x_wconf 65' lang='lat' dir='ltr'>physicae</span> <span class='ocrx_word' id='word_1_231' title='bbox 1154 3735 1190 3801; x_wconf 89' lang='lat' dir='ltr'>et</span> <span class='ocrx_word' id='word_1_232' title='bbox 1224 3729 1475 3829; x_wconf 81' lang='lat' dir='ltr'>physiologicas</span> <span class='ocrx_word' id='word_1_233' title='bbox 1513 3728 1600 3802; x_wconf 88' lang='lat' dir='ltr'>nihil</span> <span class='ocrx_word' id='word_1_234' title='bbox 1632 3727 1773 3801; x_wconf 90' lang='lat' dir='ltr'>omnino</span> <span class='ocrx_word' id='word_1_235' title='bbox 1808 3727 1960 3801; x_wconf 82' lang='lat' dir='ltr'>conferre</span> <span class='ocrx_word' id='word_1_236' title='bbox 1998 3727 2147 3802; x_wconf 87' lang='lat' dir='ltr'>debeant</span> <span class='ocrx_word' id='word_1_237' title='bbox 2182 3728 2229 3801; x_wconf 92' lang='lat' dir='ltr'>ad</span> <span class='ocrx_word' id='word_1_238' title='bbox 2348 3797 2352 3806; x_wconf 87' lang='lat'>.</span> 
     </span>
    </p>
   </div>
   <div class='ocr_carea' id='block_1_5' title="bbox 710 3843 2228 4542">
    <p class='ocr_par' dir='ltr' id='par_1_6' title="bbox 710 3843 2228 4542">
     <span class='ocr_line' id='line_1_27' title="bbox 719 3843 2228 3946; baseline 0.004 -31"><span class='ocrx_word' id='word_1_239' title='bbox 719 3850 828 3916; x_wconf 89' lang='lat' dir='ltr'>artem</span> <span class='ocrx_word' id='word_1_240' title='bbox 864 3843 1034 3918; x_wconf 88' lang='lat' dir='ltr'>medicam</span> <span class='ocrx_word' id='word_1_241' title='bbox 1068 3849 1345 3943; x_wconf 87' lang='lat' dir='ltr'>promovendam.</span> <span class='ocrx_word' id='word_1_242' title='bbox 1403 3847 1533 3945; x_wconf 86' lang='lat' dir='ltr'>Ecquis</span> <span class='ocrx_word' id='word_1_243' title='bbox 1564 3847 1792 3946; x_wconf 88' lang='lat' dir='ltr'>practicarum</span> <span class='ocrx_word' id='word_1_244' title='bbox 1824 3871 1843 3920; x_wconf 90' lang='lat' dir='ltr'>e</span> <span class='ocrx_word' id='word_1_245' title='bbox 1880 3846 2023 3922; x_wconf 85' lang='lat' dir='ltr'>dirersis</span> <span class='ocrx_word' id='word_1_246' title='bbox 2066 3847 2228 3922; x_wconf 88' lang='lat' dir='ltr'>doctrinis</span> 
     </span>
     <span class='ocr_line' id='line_1_28' title="bbox 718 3961 2226 4066; baseline 0.006 -34"><span class='ocrx_word' id='word_1_247' title='bbox 718 3967 862 4048; x_wconf 89' lang='lat' dir='ltr'>cuncta,</span> <span class='ocrx_word' id='word_1_248' title='bbox 911 3961 1039 4058; x_wconf 91' lang='lat' dir='ltr'>quibus</span> <span class='ocrx_word' id='word_1_249' title='bbox 1080 3971 1218 4053; x_wconf 87' lang='lat' dir='ltr'>utatur,</span> <span class='ocrx_word' id='word_1_250' title='bbox 1263 3966 1330 4040; x_wconf 90' lang='lat' dir='ltr'>sibi</span> <span class='ocrx_word' id='word_1_251' title='bbox 1373 3991 1493 4066; x_wconf 89' lang='lat' dir='ltr'>parare</span> <span class='ocrx_word' id='word_1_252' title='bbox 1525 3967 1656 4065; x_wconf 89' lang='lat' dir='ltr'>possit,</span> <span class='ocrx_word' id='word_1_253' title='bbox 1699 3965 1847 4039; x_wconf 87' lang='lat' dir='ltr'>neminis</span> <span class='ocrx_word' id='word_1_254' title='bbox 1887 3966 2015 4040; x_wconf 73' lang='lat' dir='ltr'>anulio</span> <span class='ocrx_word' id='word_1_255' title='bbox 2059 3967 2226 4066; x_wconf 79' lang='lat' dir='ltr'>adjutus?</span> 
     </span>
     <span class='ocr_line' id='line_1_29' title="bbox 719 4077 2226 4185; baseline 0.007 -35"><span class='ocrx_word' id='word_1_256' title='bbox 719 4077 852 4152; x_wconf 86' lang='lat' dir='ltr'>Idcirco</span> <span class='ocrx_word' id='word_1_257' title='bbox 883 4080 1024 4160; x_wconf 88' lang='lat' dir='ltr'>scientia</span> <span class='ocrx_word' id='word_1_258' title='bbox 1056 4083 1239 4179; x_wconf 83' lang='lat' dir='ltr'>patefaciat</span> <span class='ocrx_word' id='word_1_259' title='bbox 1270 4086 1345 4174; x_wconf 88' lang='lat' dir='ltr'>illa,</span> <span class='ocrx_word' id='word_1_260' title='bbox 1375 4086 1502 4184; x_wconf 91' lang='lat' dir='ltr'>quibus</span> <span class='ocrx_word' id='word_1_261' title='bbox 1526 4093 1635 4160; x_wconf 87' lang='lat' dir='ltr'>artem</span> <span class='ocrx_word' id='word_1_262' title='bbox 1665 4087 1853 4183; x_wconf 90' lang='lat' dir='ltr'>promoveri</span> <span class='ocrx_word' id='word_1_263' title='bbox 1875 4109 1975 4183; x_wconf 92' lang='lat' dir='ltr'>posse</span> <span class='ocrx_word' id='word_1_264' title='bbox 2007 4101 2226 4185; x_wconf 87' lang='lat' dir='ltr'>perspectum</span> 
     </span>
     <span class='ocr_line' id='line_1_30' title="bbox 710 4197 2223 4302; baseline 0.006 -32"><span class='ocrx_word' id='word_1_265' title='bbox 710 4197 834 4272; x_wconf 82' lang='lat' dir='ltr'>babet.</span> <span class='ocrx_word' id='word_1_266' title='bbox 893 4201 975 4277; x_wconf 87' lang='lat' dir='ltr'>Quo</span> <span class='ocrx_word' id='word_1_267' title='bbox 1011 4201 1166 4276; x_wconf 88' lang='lat' dir='ltr'>iaciendo</span> <span class='ocrx_word' id='word_1_268' title='bbox 1199 4227 1269 4277; x_wconf 89' lang='lat' dir='ltr'>non</span> <span class='ocrx_word' id='word_1_269' title='bbox 1306 4205 1371 4279; x_wconf 88' lang='lat' dir='ltr'>arti</span> <span class='ocrx_word' id='word_1_270' title='bbox 1401 4211 1560 4293; x_wconf 89' lang='lat' dir='ltr'>tantum,</span> <span class='ocrx_word' id='word_1_271' title='bbox 1595 4205 1657 4278; x_wconf 93' lang='lat' dir='ltr'>sed</span> <span class='ocrx_word' id='word_1_272' title='bbox 1693 4213 1728 4278; x_wconf 92' lang='lat' dir='ltr'>et</span> <span class='ocrx_word' id='word_1_273' title='bbox 1760 4203 1963 4302; x_wconf 88' lang='lat' dir='ltr'>sibimetipsi</span> <span class='ocrx_word' id='word_1_274' title='bbox 2002 4206 2223 4302; x_wconf 86' lang='lat' dir='ltr'>prospexerit.</span> 
     </span>
     <span class='ocr_line' id='line_1_31' title="bbox 718 4317 2225 4423; baseline 0.005 -34"><span class='ocrx_word' id='word_1_275' title='bbox 718 4317 887 4392; x_wconf 91' lang='lat' dir='ltr'>Mutuum</span> <span class='ocrx_word' id='word_1_276' title='bbox 926 4319 1019 4393; x_wconf 90' lang='lat' dir='ltr'>enim</span> <span class='ocrx_word' id='word_1_277' title='bbox 1057 4321 1209 4396; x_wconf 91' lang='lat' dir='ltr'>cernitur</span> <span class='ocrx_word' id='word_1_278' title='bbox 1247 4324 1337 4398; x_wconf 91' lang='lat' dir='ltr'>inter</span> <span class='ocrx_word' id='word_1_279' title='bbox 1382 4324 1532 4399; x_wconf 87' lang='lat' dir='ltr'>diversas</span> <span class='ocrx_word' id='word_1_280' title='bbox 1575 4323 1770 4423; x_wconf 90' lang='lat' dir='ltr'>disciplinas</span> <span class='ocrx_word' id='word_1_281' title='bbox 1807 4323 2003 4410; x_wconf 87' lang='lat' dir='ltr'>vinculum,</span> <span class='ocrx_word' id='word_1_282' title='bbox 2047 4348 2117 4421; x_wconf 90' lang='lat' dir='ltr'>quo</span> <span class='ocrx_word' id='word_1_283' title='bbox 2162 4325 2225 4410; x_wconf 90' lang='lat' dir='ltr'>fit,</span> 
     </span>
     <span class='ocr_line' id='line_1_32' title="bbox 718 4421 2223 4542; baseline 0.004 -32"><span class='ocrx_word' id='word_1_284' title='bbox 718 4444 758 4510; x_wconf 90' lang='lat' dir='ltr'>ut</span> <span class='ocrx_word' id='word_1_285' title='bbox 791 4421 914 4512; x_wconf 78' lang='lat' dir='ltr'>mutua</span> <span class='ocrx_word' id='word_1_286' title='bbox 947 4437 1051 4540; x_wconf 80' lang='lat' dir='ltr'>etiam</span> <span class='ocrx_word' id='word_1_287' title='bbox 1085 4443 1264 4518; x_wconf 91' lang='lat' dir='ltr'>commoda</span> <span class='ocrx_word' id='word_1_288' title='bbox 1296 4443 1363 4516; x_wconf 91' lang='lat' dir='ltr'>sibi</span> <span class='ocrx_word' id='word_1_289' title='bbox 1402 4442 1556 4518; x_wconf 87' lang='lat' dir='ltr'>afferant.</span> <span class='ocrx_word' id='word_1_290' title='bbox 1614 4443 1828 4542; x_wconf 89' lang='lat' dir='ltr'>Adjumenta</span> <span class='ocrx_word' id='word_1_291' title='bbox 1861 4441 2095 4540; x_wconf 83' lang='lat' dir='ltr'>physiologiae</span> <span class='ocrx_word' id='word_1_292' title='bbox 2128 4465 2223 4540; x_wconf 90' lang='lat' dir='ltr'>prae·</span> 
     </span>
    </p>
   </div>
   <div class='ocr_carea' id='block_1_6' title="bbox 586 4555 2222 4667">
    <p class='ocr_par' dir='ltr' id='par_1_7' title="bbox 586 4555 2222 4667">
     <span class='ocr_line' id='line_1_33' title="bbox 586 4555 2222 4667; baseline 0.003 -38"><span class='ocrx_word' id='word_1_293' title='bbox 586 4649 589 4654; x_wconf 11' lang='grc' dir='ltr'>ἡ</span> <span class='ocrx_word' id='word_1_294' title='bbox 716 4555 801 4630; x_wconf 89' lang='lat' dir='ltr'>bant</span> <span class='ocrx_word' id='word_1_295' title='bbox 843 4564 879 4630; x_wconf 89' lang='lat' dir='ltr'>et</span> <span class='ocrx_word' id='word_1_296' title='bbox 928 4557 1069 4658; x_wconf 89' lang='lat' dir='ltr'>physica</span> <span class='ocrx_word' id='word_1_297' title='bbox 1109 4569 1144 4634; x_wconf 91' lang='lat' dir='ltr'>et</span> <span class='ocrx_word' id='word_1_298' title='bbox 1182 4561 1334 4652; x_wconf 88' lang='lat' dir='ltr'>chemia;</span> <span class='ocrx_word' id='word_1_299' title='bbox 1390 4570 1536 4660; x_wconf 89' lang='lat' dir='ltr'>utraque</span> <span class='ocrx_word' id='word_1_300' title='bbox 1579 4561 1663 4638; x_wconf 86' lang='lat' dir='ltr'>haec</span> <span class='ocrx_word' id='word_1_301' title='bbox 1702 4585 1882 4660; x_wconf 90' lang='lat' dir='ltr'>corporum</span> <span class='ocrx_word' id='word_1_302' title='bbox 1919 4561 2074 4636; x_wconf 92' lang='lat' dir='ltr'>vivorum</span> <span class='ocrx_word' id='word_1_303' title='bbox 2101 4561 2222 4667; x_wconf 18' lang='lat' dir='ltr'>&#39;phae-</span> 
     </span>
    </p>
   </div>
   <div class='ocr_carea' id='block_1_7' title="bbox 716 4677 2223 4899">
    <p class='ocr_par' dir='ltr' id='par_1_8' title="bbox 716 4677 2223 4899">
     <span class='ocr_line' id='line_1_34' title="bbox 716 4677 2221 4792; baseline 0.005 -44"><span class='ocrx_word' id='word_1_304' title='bbox 716 4699 864 4751; x_wconf 89' lang='lat' dir='ltr'>nomena</span> <span class='ocrx_word' id='word_1_305' title='bbox 895 4677 1095 4792; x_wconf 85' lang='lat' dir='ltr'>explicaodo</span> <span class='ocrx_word' id='word_1_306' title='bbox 1128 4679 1317 4779; x_wconf 68' lang='lat' dir='ltr'>explicatur</span> <span class='ocrx_word' id='word_1_307' title='bbox 1348 4681 1433 4781; x_wconf 89' lang='lat' dir='ltr'>ipsa.</span> <span class='ocrx_word' id='word_1_308' title='bbox 1486 4681 1566 4755; x_wconf 88' lang='lat' dir='ltr'>Sine</span> <span class='ocrx_word' id='word_1_309' title='bbox 1598 4681 1769 4756; x_wconf 88' lang='lat' dir='ltr'>anatomia</span> <span class='ocrx_word' id='word_1_310' title='bbox 1797 4681 1891 4756; x_wconf 89' lang='lat' dir='ltr'>nulla</span> <span class='ocrx_word' id='word_1_311' title='bbox 1914 4687 1969 4754; x_wconf 89' lang='lat' dir='ltr'>est</span> <span class='ocrx_word' id='word_1_312' title='bbox 1988 4680 2221 4780; x_wconf 82' lang='lat' dir='ltr'>physiologia;</span> 
     </span>
     <span class='ocr_line' id='line_1_35' title="bbox 717 4791 2223 4899; baseline 0.005 -34"><span class='ocrx_word' id='word_1_313' title='bbox 717 4791 800 4867; x_wconf 87' lang='lat' dir='ltr'>haec</span> <span class='ocrx_word' id='word_1_314' title='bbox 842 4801 958 4871; x_wconf 91' lang='lat' dir='ltr'>autem</span> <span class='ocrx_word' id='word_1_315' title='bbox 999 4799 1188 4874; x_wconf 90' lang='lat' dir='ltr'>multarum</span> <span class='ocrx_word' id='word_1_316' title='bbox 1233 4800 1385 4899; x_wconf 86' lang='lat' dir='ltr'>partium</span> <span class='ocrx_word' id='word_1_317' title='bbox 1425 4809 1585 4877; x_wconf 88' lang='lat' dir='ltr'>naturam</span> <span class='ocrx_word' id='word_1_318' title='bbox 1633 4801 1859 4876; x_wconf 89' lang='lat' dir='ltr'>anatomicam</span> <span class='ocrx_word' id='word_1_319' title='bbox 1905 4799 2048 4875; x_wconf 89' lang='lat' dir='ltr'>dubiam</span> <span class='ocrx_word' id='word_1_320' title='bbox 2087 4799 2223 4896; x_wconf 86' lang='lat' dir='ltr'>saepius</span> 
     </span>
    </p>
   </div>
   <div class='ocr_carea' id='block_1_8' title="bbox 0 0 2442 6182">
    <p class='ocr_par' dir='ltr' id='par_1_9' title="bbox 0 0 2442 6182">
     <span class='ocr_line' id='line_1_36' title="bbox 0 0 2442 6182; baseline 0 2"><span class='ocrx_word' id='word_1_321' title='bbox 0 0 2442 6182; x_wconf 95' lang='lat' dir='ltr'> </span> 
     </span>
    </p>
   </div>
  </div>
 </body>
</html>
