4986 6200
562 651 563 656 ¹
695 627 736 690 14
1270 623 1309 687 G.
1343 622 1369 686 Ι.
1404 622 1625 690 VERDAM

694 829 893 930 disciplinae
910 837 1006 928 parte
1026 827 1190 926 praetio&
1208 825 1450 924 Dogmaticam
1470 825 1614 902 docebat
1632 831 1668 899 et
1685 822 1944 914 Homileticam;
1958 825 2201 926 Theologiam,

691 949 897 1046 pastoralem
928 973 1032 1046 quam
1069 953 1211 1034 vocant,
1246 945 1424 1033 tradebat,
1459 953 1543 1021 caet.
1593 945 1696 1020 Hanc
1730 943 1837 1044 igitur
1866 945 2094 1022 institutionis
2119 971 2203 1022 suae

690 1076 823 1166 partem
844 1067 1063 1167 praecipuam
1088 1073 1123 1141 et
1147 1065 1384 1165 gransdmam
1408 1065 1565 1144 ducebat.
1614 1065 1780 1140 Attamen
1802 1065 1839 1138 iu
1864 1065 1928 1140 hirc
1955 1066 2057 1140 unice
2078 1067 2202 1142 versari

690 1213 730 1262 ac
763 1212 920 1273 manere,
955 1211 1071 1286 nequa
1103 1186 1136 1260 ei
1159 1184 1335 1284 placebat,
1359 1209 1423 1259 neo
1450 1186 1534 1261 satis
1563 1184 1799 1272 existimabat3
1826 1184 1888 1259 sed
1910 1185 2038 1282 pluries
2063 1186 2201 1284 egredi,

690 1306 841 1402 aliasque
875 1313 1007 1404 partes,
1042 1330 1123 1379 curn
1153 1306 1271 1380 affines
1305 1312 1383 1380 tum
1416 1305 1632 1392 remotiores,
1670 1303 1913 1402 contemplari,
1946 1311 1980 1378 et
2015 1305 2202 1380 mutuaris

560 1423 562 1428 ’
688 1426 929 1502 exercitatione
970 1425 1217 1524 discipulorum
1261 1425 1384 1499 studiis
1416 1425 1566 1499 maxime
1599 1424 1711 1499 lavere
1748 1423 2008 1523 plurimumque
2041 1423 2201 1522 prodesse

688 1554 867 1644 oportere,
892 1545 959 1620 sibi
987 1569 1190 1644 persuasum
1215 1543 1374 1618 habebat.
1424 1545 1471 1617 nt
1494 1543 1788 1642 quemadmodum
1805 1541 2003 1641 judicabat,
2036 1543 2084 1616 sic
2105 1568 2200 1642 prae·

688 1665 776 1740 clare
809 1665 901 1740 iecit.
954 1665 1060 1742 Quod
1091 1665 1120 1738 si
1153 1663 1239 1737 mihi
1271 1670 1360 1738 esset
1396 1663 1632 1763 probandum,
1666 1671 1772 1738 testes
1804 1687 1874 1736 non
1907 1662 2010 1736 modo
2038 1661 2198 1736 haberem

688 1784 832 1873 multos,
868 1785 930 1883 qui
968 1810 1010 1858 ex
1044 1784 1154 1883 ipsius
1187 1783 1329 1872 scholis,
1363 1783 1560 1882 Groningae
1593 1782 1740 1881 habitis,
1778 1781 1922 1880 profecti
1960 1789 2062 1870 sunt,
2100 1782 2199 1856 Viros

689 1904 903 1979 doctissimos
934 1903 1193 2003 plurimumque
1223 1899 1461 1990 venerandos,
1487 1902 1550 1977 sed
1587 1903 1737 1978 iudicare
1772 1911 1832 1976 aut
1871 1902 1976 1976 citare
2011 1901 2196 1988 sufficeret,

688 2047 776 2119 quae
799 2029 936 2098 exstant
953 2029 1116 2096 annotata
1133 2022 1176 2095 de
1197 2022 1317 2095 multis
1336 2021 1478 2108 scholis,
1502 2045 1589 2118 quas
1607 2021 1791 2120 quotannis
1812 2021 1855 2094 de
1873 2021 1974 2095 variis
1992 2021 2196 2120 Theologiae

569 2231 572 2236 Ι
688 2143 901 2240 argumentis
926 2142 1059 2216 habere
1075 2141 1225 2228 solebat;
1250 2141 1379 2239 quibus
1399 2139 1540 2238 quidem
1563 2140 1658 2216 haud
1684 2139 1754 2214 scio
1774 2140 1860 2238 quid
1881 2141 1992 2238 magis
2015 2141 2198 2228 miremur,

688 2269 748 2333 aut
774 2259 1015 2346 multifariam,
1048 2283 1153 2356 quam
1181 2257 1339 2347 tenebat,
1372 2257 1569 2346 scientiam,
1595 2283 1836 2359 summamque
1863 2259 2037 2334 doctrinae
2059 2268 2095 2335 et
2119 2285 2195 2335 eru-

687 2377 827 2451 ditionis
860 2378 1125 2477 praestantiam,
1158 2402 1201 2452 au
1233 2376 1469 2452 incredibilem
1496 2378 1704 2482 industriam
1729 2387 1764 2452 et
1791 2379 2020 2468 alacritatem,
2046 2403 2197 2479 suaeque

688 2499 861 2572 doctrinae
902 2498 939 2571 in
977 2497 1150 2570 studiosae
1182 2496 1375 2594 juventutis
1414 2521 1517 2572 usurn
1558 2497 1781 2574 conferendae
1820 2499 1992 2598 singulare
2027 2500 2195 2575 studium.

686 2615 776 2690 Vere
805 2615 913 2714 igitur
941 2615 1150 2690 Academiae
1173 2615 1416 2715 Groninganae
1442 2624 1514 2692 erat
1539 2617 1670 2705 decori,
1694 2617 1862 2716 lactisque
1886 2626 1921 2692 et
1940 2618 2087 2692 consiliis
2111 2644 2192 2693 curn

685 2733 875 2832 Religionis
909 2759 1031 2808 mersae
1061 2733 1302 2832 Ecclesiaeque
1332 2735 1452 2824 rebus,
1487 2761 1551 2810 nec
1587 2737 1703 2810 minus
1732 2737 1860 2811 civium
1889 2737 2094 2826 commodis,
2127 2737 2196 2812 huc

686 2852 957 2950 pertinentibus,
990 2851 1120 2949 optime
1148 2853 1325 2926 consulere
1353 2854 1524 2942 studeret,
1548 2855 1692 2930 minime
1716 2855 1934 2945 mirandum,
1960 2856 2054 2954 quod
2078 2880 2200 2932 ,omnes

688 2993 789 3067 aegre
823 2969 1001 3057 terebant,
1035 2969 1143 3042 immo
1177 2969 1397 3044 vehementer
1428 2971 1609 3061 dolebant,
1644 2973 1748 3050 talem
1780 2976 1892 3052 virum
1917 2975 2102 3052 abiturum
2150 2977 2197 3051 Et

688 3098 806 3162 tamen
842 3087 891 3162 sic
926 3088 1039 3161 evenit
1065 3111 1155 3162 anno
1181 3090 1295 3177 1839,
1325 3115 1435 3188 quum
1458 3100 1595 3166 nostrae
1615 3093 1762 3193 inclytae
1784 3095 1992 3170 Academiae
2016 3096 2198 3170 Curatores

687 3207 845 3281 Illustres
859 3207 1064 3306 [theologiae
1080 3207 1252 3282 docendae
1272 3210 1500 3307 provinciam,
1517 3213 1580 3286 din
1598 3237 1703 3312 quam
1725 3214 1927 3312 dignissime
1945 3215 2199 3291 administrarat

583 3377 586 3382 .
686 3325 750 3398 Vir
782 3325 1001 3400 Clarissimus
1030 3327 1152 3402 Lucas
1182 3328 1390 3418 Saurania,
1421 3331 1494 3429 jum
1518 3357 1609 3406 anno
1633 3335 1727 3407 1833
1753 3341 1928 3423 mortuus,
1954 3359 2065 3434 quum
2090 3335 2196 3422 hanc,

685 3445 848 3544 inquam,
881 3445 1091 3545 provinciam
1122 3446 1375 3546 suscipiendam
1403 3449 1486 3525 Viro‘
1512 3451 1709 3527 Clarissimo
1731 3477 1806 3528 vnn
1831 3455 1960 3528 Oonnr
1992 3455 2196 3556 detulerant.

684 3565 732 3638 nt
766 3565 936 3652 vicissim,
971 3574 1083 3653 arcta,
1119 3591 1208 3665 quae
1237 3565 1328 3640 inter
1360 3593 1442 3644 eum
1476 3577 1511 3644 et
1541 3571 1688 3670 collegas
1724 3572 1920 3672 amicosque
1954 3574 2193 3672 Groninganos

688 3683 927 3757 intercesserat
960 3685 1198 3773 necessitudo,
1234 3711 1337 3761 carisa
1376 3688 1577 3786 gravissima
1615 3689 1824 3780 exsistebat,
1862 3717 1924 3766 cur
1961 3693 2112 3793 primum
2151 3694 2193 3766 de

687 3801 850 3877 Leidensi
870 3803 1032 3877 cathedris
1051 3813 1191 3880 vacante
1211 3809 1408 3907 accipiendis
1427 3804 1611 3886 dubitaret.
1650 3813 1700 3884 At
1716 3811 1858 3886 tandem
1877 3813 2045 3888 vocationi
2071 3813 2192 3898 cessit,

686 3929 722 3994 et
761 3921 966 4020 Theologiae
1008 3923 1253 4022 professionem
1290 3927 1515 4018 ordinariam,
1550 3929 1734 4005 innostra
1766 3933 1973 4022 Academia,
2012 3933 2195 4008 solenniter
2337 3983 2341 3988 -

685 4039 882 4138 auspicatus
916 4047 989 4130 est,
1024 4041 1080 4115 die
1112 4047 1156 4117 ll
1180 4045 1382 4120 Decembris
1407 4057 1453 4123 a⁰.
1479 4051 1597 4139 1839,
1622 4051 1740 4124 habire
1766 4052 1918 4127 oratione
1946 4055 1988 4127 de
2022 4054 2132 4141 Vero,
2157 4057 2193 4126 ia

689 4160 875 4260 l'lcolopid
903 4164 999 4235 unice
1030 4166 1196 4238 sectando.
1245 4165 1292 4240 nt
1323 4165 1387 4240 hac
1419 4168 1571 4244 oratione
1596 4169 1659 4244 Vir
1684 4171 1903 4247 Clarissimus
1936 4173 2128 4247 luculenter
2157 4181 2191 4246 et

687 4279 824 4378 egregie
858 4281 1026 4369 ostendit,
1064 4283 1141 4380 quis
1176 4291 1283 4373 esset,
1315 4309 1426 4384 quove
1458 4289 1634 4386 praeditus
1663 4289 1794 4390 ingenii
1818 4274 1976 4366 acumine
2005 4301 2041 4366 et
2064 4291 2193 4390 quantia

684 4399 876 4474 eruditione
895 4401 1110 4500 praestabat,
1137 4445 1186 4460 -
1211 4429 1317 4501 quam
1338 4413 1429 4480 recte
1452 4407 1496 4480 da
1520 4407 1652 4483 liberali
1672 4409 1876 4486 instituendi
1902 4418 1938 4486 et
1962 4411 2192 4510 investigandi

684 4519 997 4596 ratione-censebat
1019 4565 1070 4582 -
1098 4547 1168 4620 quo
1188 4525 1258 4598 acri
1281 4531 1318 4599 at
1340 4525 1484 4603 honesto
1509 4529 1580 4602 veri
1599 4531 1796 4628 reperiundi
1817 4532 1932 4606 studio
1958 4532 2118 4620 ardebat,
2144 4574 2192 4590 -

686 4629 756 4735 qud
775 4640 905 4714 sinceris
924 4648 1039 4716 mente
1060 4649 1095 4715 et
1115 4641 1207 4716 nona
1225 4644 1400 4720 voluntate
1418 4672 1455 4720 se
1470 4649 1752 4738 commendabat,
1772 4651 1998 4751 talemquese
2016 4651 2189 4739 lutrarum,

687 4757 824 4854 qualem
856 4784 936 4836 eum
966 4761 1208 4862 cognovimus,
1239 4788 1365 4866 nempe
1385 4775 1637 4868 praeceptorem
1661 4769 1893 4848 academicum
1917 4773 2129 4872 praeclarum
2153 4781 2189 4845 et
