4986 6200
525 691 528 698 ’
583 811 588 821 ⁸
738 725 929 792 srarrs
976 721 1302 797 rrcrrorou.
1733 723 1774 784 u

263 939 308 1012 A
334 939 375 1011 Ε.
401 937 518 1009 Suros
540 933 712 1034 Trionis,
743 933 833 1008 Prof.
867 929 1066 1016 Extraord.,
1101 929 1282 1004 Theoriam
1308 926 1404 1001 Artis
1427 925 1552 1000 Obste-

316 1030 433 1128 triciae
457 1060 624 1151 exponet,
648 1052 771 1126 diebus
794 1049 936 1136 Martis,
959 1046 1055 1121 Jovis
1079 1053 1115 1119 et
1140 1047 1280 1120 Saturni
1289 1104 1514 1135 .......
1532 1039 1551 1118 '.
1573 1043 1655 1116 hort
1670 1041 1770 1117 VIII.

365 1171 675 1248 Exercitationibus
698 1169 844 1257 clinicis,
869 1169 905 1240 in
923 1165 1129 1240 Nosooomio
1146 1165 1353 1240 Academico
1369 1163 1554 1250 habendis,

411 1286 545 1361 vacabit
570 1287 742 1385 quotidie,
788 1340 1301 1360 ...............
1314 1325 1315 1328 ¹
1329 1339 1554 1358 .......
1709 1281 1792 1366 IX„

366 1405 566 1481 Doctrinam
589 1407 827 1506 operationum
846 1403 976 1490 tradet,
1002 1409 1038 1476 et
1057 1401 1313 1500 operationibus
1333 1401 1555 1489 obstetriciis,
1576 1481 1580 1484 ,

413 1530 490 1595 tum
526 1523 562 1596 in
604 1522 695 1621 pelvi
728 1521 857 1596 factitia
870 1511 905 1609 ,”
927 1529 1004 1595 tum
1040 1520 1078 1594 iu
1117 1519 1279 1594 cadavere
1318 1519 1557 1608 instituendis,

414 1641 582 1739 praeerit,
608 1641 664 1714 die
688 1639 853 1715 Mercurii
862 1696 1558 1728 ....................
1750 1638 1780 1708 Ι.

365 1759 640 1858 Gynaemlogiae
676 1767 711 1832 et
744 1758 1111 1858 gynaeoopathologiaa
1139 1758 1252 1858 capita
1283 1757 1408 1834 selecta
1429 1757 1562 1846 tradet,

415 1877 472 1951 die
496 1875 641 1951 Veneris
649 1934 1558 1965 ..........................
1752 1874 1782 1946 Ι.

369 1995 497 2070 Praxin
534 1995 800 2084 Obstetrieiam,
834 2003 911 2070 tum
939 1996 977 2069 in
1004 1995 1210 2069 Nosooomio
1233 1995 1463 2083 Academico,
1488 2001 1565 2068 tum

413 2115 451 2188 in
483 2114 682 2189 Polielinico
717 2114 947 2203 Obstetrioio,
990 2115 1125 2213 quoties
1149 2139 1289 2190 necesse
1325 2115 1407 2204 erit,
1440 2113 1558 2188 mode·

413 2232 556 2308 rabitur.
787 2239 789 2248 '

274 2353 322 2425 Η.
346 2351 619 2442 Hananrrenx,
651 2355 753 2428 Josr.
774 2353 872 2441 Fra,
901 2352 993 2428 Prof.
1015 2354 1215 2442 Extraord.,
1239 2351 1461 2427 Anatomiam
1488 2376 1563 2450 spe-

322 2471 444 2548 cialem
465 2477 501 2545 et
520 2473 707 2570 practicam
731 2472 884 2563 docebit,
910 2473 1033 2548 diebus
1055 2473 1194 2562 Lunae,
1218 2472 1359 2560 Martis,
1384 2471 1567 2560 Mercurii,

320 2589 421 2663 Jovis
447 2596 483 2664 et
505 2589 669 2679 Veneris,
695 2651 702 2665 .
730 2646 740 2666 .
766 2647 776 2666 .
802 2650 809 2666 .
838 2650 846 2666 .
873 2651 917 2688 ..
946 2647 1568 2668 ..................
1743 2589 1788 2663 Χ.

373 2708 648 2808 Physiologiam,
673 2710 914 2809 experimentis
938 2718 974 2784 et
998 2711 1294 2786 observationibus
1320 2708 1570 2807 microsoopicis

328 2823 331 2828 ’
422 2827 650 2916 illustratam,
675 2829 799 2902 iisdem
824 2829 968 2920 diebm,
1019 2887 1028 2905 .
1056 2883 1532 2907 ..............
1718 2829 1785 2905 ΙΧ.

372 2944 582 3019 Methodum
606 2947 745 3020 secandi
768 2948 948 3034 cadavera,
974 2947 1144 3045 quotidie,
1169 2927 1312 3022 hiberno
1336 2956 1509 3046 tempore,
1560 3005 1568 3022 .
1615 2947 1790 3024 XI-III.

222 3140 225 3148 ,
278 3065 318 3138 F.
352 3063 411 3139 W.
440 3063 614 3137 Kamara
647 3073 682 3137 et
714 3064 1042 3142 H.Hxnrrn1rrs1ux
1073 3065 1274 3164 disputandi
1309 3067 1478 3140 exercitiis
1508 3091 1573 3165 pu·

224 3193 266 3269 ¹,
332 3181 431 3255 blicis
453 3189 659 3280 praeerunt,
684 3183 740 3257 die
764 3184 889 3256 Martis
915 3239 1573 3262 ...................
1743 3189 1792 3262 ΙΙ.
1834 3199 1841 3214 '

783 3407 1031 3494 FACULTAS
1056 3419 1296 3495 JURIDICA.

286 3659 334 3733 H.
352 3660 395 3732 G.
410 3657 608 3746 Trnnuxu,
632 3659 861 3746 Emeritatum
881 3666 1002 3731 nactus
1018 3666 1053 3731 et
1072 3683 1209 3732 cessans
1230 3683 1250 3732 a
1265 3659 1569 3758 praelectionibus,

328 3800 397 3850 non
442 3784 558 3850 tamen
599 3777 745 3853 cessabit
781 3778 819 3852 in
855 3777 1047 3854 studiorum
1081 3803 1225 3853 suorum
1260 3780 1377 3854 fructu
1411 3781 1570 3856 lubenter

327 3895 624 3972 communicando.

272 4013 320 4087 ὓ.
356 4015 390 4086 J.
428 4036 503 4086 vars
542 4016 663 4090 Assar
695 4016 977 4115 interpretabitur
1013 4001 1238 4116 Digestbrum
1272 4018 1363 4093 locos
1407 4019 1570 4109 selectos,

332 4133 455 4208 diebus
479 4133 618 4223 Lunae,
643 4136 769 4210 Martis
793 4144 828 4210 et
851 4136 1014 4211 Mercurii
1020 4195 1569 4225 ................
1690 4223 1697 4230 ,
1741 4140 1787 4214 Χ.

244 4304 248 4312 -
380 4252 592 4326 Josrrrusur
616 4255 881 4332 Institutionum
911 4255 1035 4330 Libros
1055 4257 1109 4329 IV
1138 4281 1218 4332 cum
1242 4258 1450 4332 Tnnorrrmr
1471 4283 1568 4357 para·

427 4371 564 4470 phrasi,
589 4373 712 4466 diebus
734 4372 875 4461 Lunae,
900 4374 1025 4448 Martis
1049 4383 1084 4450 et
1107 4377 1292 4465 Mercurii,
1342 4433 1566 4452 .......
1721 4376 1788 4452 ΙΧ.

380 4489 403 4561 I
408 4513 447 4562 us
465 4489 573 4563 Civile
594 4489 828 4578 Hodiernum,
854 4491 1043 4566 secundum
1061 4494 1304 4592 compendium
1322 4520 1343 4569 a
1364 4520 1400 4569 se
1420 4495 1569 4586 editum,

429 4607 552 4681 diebus
575 4605 716 4696 Lunae,
741 4609 866 4683 Martis
890 4617 925 4682 et
949 4611 1129 4702 Mercurii,
1167 4671 1570 4691 ............
1721 4616 1788 4696 ΧΙ.

378 4725 549 4801 Ordinem
568 4726 778 4824 judiciorum
797 4736 832 4800 et
851 4751 923 4801 rem
935 4728 1152 4825 judiciariam
1170 4731 1354 4830 privatam,
1380 4733 1436 4807 die
1456 4733 1567 4825 Iovis,
1616 4735 1788 4812 ΙΧ-ΧΙ.

478 4853 514 4920 et
538 4845 594 4920 die
618 4846 787 4938 Veneris,
812 4871 893 4922 oum
916 4848 1215 4926 exercitationibus
1240 4852 1456 4944 forensibus,
1492 4913 1501 4932 .
1529 4913 1537 4932 .
1564 4913 1573 4931 .
1743 4855 1790 4934 X.
