4986 6200
896 677 1172 746 ORATIO.
1734 681 1777 746 65

314 889 363 962 nt
392 887 546 986 primum
577 861 721 985 quidem
754 885 843 962 illud
874 912 945 964 non
977 886 1311 986 praetervideamus,
1342 884 1539 987 principum
1562 887 1599 961 in
1625 886 1774 986 discipli-
1828 945 1831 951 r

263 1031 388 1082 narum
420 1005 538 1080 studio
572 1013 608 1080 et
639 1005 737 1080 cultu
768 1007 918 1081 virorum
951 1005 1154 1081 auctoritate
1185 1005 1312 1093 fretos,
1346 1005 1384 1080 in
1412 1007 1601 1082 eorundem
1634 1030 1773 1106 quoque
1925 1067 1927 1074 .

265 1126 437 1201 erroribus
458 1149 522 1199 nos
541 1124 668 1200 versari
691 1131 727 1198 et
751 1149 974 1224 perseverare.
1025 1124 1096 1198 Sed
1115 1149 1178 1198 cur
1199 1123 1340 1198 tandem
1362 1125 1430 1224 ipsi
1450 1127 1501 1201 illi
1521 1127 1585 1202 viri
1602 1126 1774 1226 principes

263 1251 336 1319 tam
367 1243 581 1343 negligentes
622 1243 785 1332 fuerunt,
817 1250 985 1343 tantoque
1021 1244 1131 1318 officio
1163 1245 1364 1318 cessarunt?
1413 1245 1531 1335 Alios,
1563 1246 1772 1320 denotionis

261 1361 497 1460 systematioae
529 1363 645 1437 stricte
679 1361 885 1461 assidueque
918 1363 1135 1438 adhibendae
1169 1362 1318 1437 utilitate
1355 1357 1578 1461 persuasos„'
1596 1373 1632 1440 et
1667 1389 1771 1440 usum

259 1481 400 1556 laudare
433 1505 473 1556 ao
509 1481 630 1556 docere
661 1482 923 1581 diligentissime
958 1491 1223 1582 persequentes,
1258 1482 1350 1580 ipsas
1383 1484 1614 1582 negligentiae
1648 1510 1769 1560 causas
1877 1533 1882 1539 -

258 1601 450 1700 percepisse
483 1624 588 1700 supra
613 1601 687 1699 jam
720 1601 862 1690 monui,
897 1625 978 1676 cum
1011 1608 1072 1675 aut
1100 1599 1257 1700 exempla
1278 1598 1500 1698 praebuerint
1523 1600 1654 1698 absque
1674 1626 1771 1699 prae-

257 1719 389 1817 ceptis,
422 1728 484 1793 aut
516 1719 768 1817 praeceperint,
801 1744 866 1794 neo
898 1728 1014 1794 tamen
1046 1727 1307 1819 praeceptorum
1333 1743 1438 1793 usum
1467 1719 1689 1793 monstrarint
1710 1727 1772 1792 aut

258 1837 472 1913 declararint.
524 1837 594 1911 Sed
625 1837 684 1912 alii
716 1840 831 1927 fuere,
865 1839 927 1937 qui
959 1838 1054 1912 omni
1082 1841 1162 1912 curt
1195 1839 1370 1914 laudatam
1401 1839 1570 1914 rationem
1605 1838 1704 1936 sequi
1735 1848 1771 1912 et

102 1999 107 2008 ·
257 1955 422 2029 adbibere
451 1955 661 2044 studebant,
697 1957 819 2032 eadem
853 1965 970 2032 sutem
1006 1958 1147 2032 omnino
1180 1957 1282 2032 abusi
1306 1965 1409 2046 sunt,
1435 1983 1515 2033 cum
1544 1958 1635 2032 ultra
1656 1957 1769 2056 justos

250 2075 422 2149 terminos
451 2074 746 2174 progrederentur.
797 2077 852 2150 Ex
882 2075 1051 2175 ejusmodi
1073 2075 1181 2150 nimiis
1207 2077 1290 2151 curt
1318 2079 1447 2170 multos
1470 2103 1618 2166 errores,
1645 2077 1768 2151 saltem

256 2193 352 2269 baud
374 2219 450 2270 raro
477 2193 674 2268 obscuriora
695 2194 806 2269 multa
830 2201 865 2268 et
887 2195 1029 2270 confusa
1045 2195 1232 2292 prodiisse,
1256 2196 1355 2270 facile
1376 2197 1590 2296 intelligitur.
1641 2197 1767 2271 Erudi·
1844 2219 1852 2236 .

253 2313 357 2388 tiores
391 2314 499 2412 igitur
533 2312 691 2388 nonnulli
721 2321 756 2386 et
781 2314 989 2418 sagaciores,
1013 2314 1164 2388 tenebris
1189 2314 1306 2414 potius
1329 2315 1561 2390 circumvelari
1585 2316 1767 2415 opinantes

254 2457 361 2532 quam
380 2433 457 2508 luce
478 2432 611 2508 clariori
627 2432 807 2522 illustrari,
829 2459 937 2531 quae,
958 2434 1078 2507 norma
1097 2433 1316 2532 systematicd
1335 2434 1520 2534 adjutrice,
1541 2433 1768 2510 tradebantur

252 2558 314 2626 aut
339 2551 596 2640 tractabantur,
629 2551 802 2652 simulque
827 2553 934 2628 libero
960 2539 1178 2652 ingeniorum
1200 2561 1299 2629 motu
1328 2561 1363 2628 et
1387 2553 1490 2629 citius
1513 2561 1548 2628 ct
1570 2553 1697 2628 certius
1722 2553 1768 2626 ad

250 2671 432 2748 veritatem
462 2697 499 2746 se
525 2671 701 2770 pervenire
731 2672 961 2770 reperientes,
985 2671 1050 2746 hoc
1075 2671 1191 2771 ipsum
1218 2699 1324 2772 quam
1349 2675 1494 2748 vinculis
1519 2674 1595 2748 istis
1616 2671 1769 2747 cohiberi

253 2797 358 2890 atqua
401 2790 591 2888 constringi
629 2789 844 2880 maluerunt,
883 2790 1031 2888 ideoque
1068 2815 1224 2866 normam
1258 2793 1503 2892 praescriptam
1541 2791 1765 2866 deserendam

249 2915 428 3008 putarunt.
938 3009 941 3016 .

304 3029 410 3101 Porro
443 3026 664 3126 praecipuam
696 3052 837 3102 oausam
872 3053 1056 3126 agnoscere
1090 3030 1178 3104 mihi
1211 3031 1327 3106 videor
1358 3033 1395 3105 in
1419 3033 1597 3130 ipsarum,
1630 3055 1763 3127 quasa

249 3142 514 3221 doctissimis'et
534 3145 572 3218 in
598 3141 787 3242 disciplina
800 3147 1042 3222 mathematica
1068 3147 1285 3246 peritissimis
1305 3149 1494 3237 habemus,
1518 3149 1765 3224 universalium

249 3263 482 3364 investigandi
515 3269 551 3338 et
583 3264 841 3364 contemplandi
872 3265 1045 3340 rationum
1078 3267 1133 3342 vel
1166 3267 1408 3343 methodorum
1433 3268 1540 3342 nimio
1565 3291 1643 3342 usu.
1693 3267 1763 3344 Hie

246 3384 322 3484 ipse
353 3409 457 3473 usus,
488 3407 653 3483 magnam
686 3392 821 3484 partem
850 3386 916 3460 etsi
947 3386 1144 3486 insignioris
1174 3387 1421 3486 progressionis
1443 3413 1547 3462 causa
1572 3386 1762 3476 exstiterit,

231 3503 470 3604 'maximaque
505 3508 686 3602 propterea
723 3504 918 3580 laudandus
949 3513 985 3580 et
1016 3507 1332 3595 commendandus,
1366 3513 1482 3582 tamen
1516 3507 1546 3580 si
1574 3505 1679 3580 nimis
1710 3506 1762 3580 illi

245 3622 470 3722 indulgetur,
508 3627 622 3695 metus
663 3627 736 3710 eat,
771 3647 816 3698 na
851 3624 983 3723 justam
1018 3649 1175 3700 normam
1212 3623 1375 3700 adbibere
1411 3626 1657 3702 desuesoamus
1699 3631 1761 3700 aut

245 3741 485 3840 negligamus,
514 3741 764 3840 praetereundo
789 3741 956 3818 nimirum
984 3744 1101 3818 minus
1127 3742 1350 3833 universalia,
1374 3743 1481 3843 inque
1507 3742 1653 3842 singulis
1677 3766 1757 3818 con-

246 3859 437 3945 siderandis
466 3859 644 3934 nonsatis
665 3858 728 3932 diu
751 3885 791 3935 aa
814 3885 924 3960 paene
947 3887 1017 3937 non
1043 3863 1218 3939 morando.
1268 3863 1322 3937 Re
1351 3853 1495 3963 'quidem
1517 3865 1595 3938 vera
1620 3862 1755 3938 univer·

245 3979 369 4056 tabum
407 3977 558 4078 cognitio
589 3977 738 4052 maxime
769 3985 805 4053 et
836 3980 1038 4080 praeprimis
1068 3988 1121 4056 est
1149 3980 1341 4080 expetenda
1372 3990 1408 4056 et
1438 3980 1682 4080 adsequenda,
1719 3987 1756 4054 at

244 4123 323 4174 vero
351 4097 611 4197 particularium
643 4105 678 4172 et
706 4097 1198 4201 singularium-pervestigatio
1225 4100 1451 4200 studiumque
1477 4100 1621 4176 minime
1649 4098 1758 4198 negli-

244 4217 410 4318 gendum.
458 4216 614 4294 Pertinet
645 4239 796 4316 namque
831 4209 956 4295 hoium
989 4220 1112 4296 notitia
1145 4219 1191 4295 ad
1225 4219 1457 4318 cognitionem
1487 4217 1753 4305 absolvendam,

244 4336 290 4412 ad
311 4337 406 4412 illam
434 4336 711 4412 universaliorem
737 4339 1000 4438 perficiendam,
1024 4339 1131 4414 immo
1157 4338 1252 4414 haud
1274 4365 1350 4416 raro
1371 4341 1417 4416 ad
1441 4338 1751 4444 eamloonstituen·

245 4455 328 4530 dam
344 4460 383 4531 et
400 4455 651 4533 stabiliendam.
700 4457 915 4535 Moderanda
935 4466 1051 4535 tamen
1071 4458 1196 4547 etiam,
1220 4457 1257 4532 in
1279 4459 1344 4534 hoc
1362 4460 1438 4558 ipso
1457 4459 1617 4559 negotio,
1641 4455 1749 4530 nimia

243 4573 435 4665 industria,
460 4599 504 4650 ne
529 4575 610 4674 plus
636 4599 743 4676 quam
769 4603 833 4679 par
855 4585 908 4654 est
926 4578 1095 4654 imitando
1115 4584 1349 4654 wnsectemur
1372 4585 1503 4654 veteres
1527 4573 1750 4654 Mathemati-

124 4783 133 4804 ,
243 4717 320 4784 cos,
365 4695 402 4769 in
436 4693 695 4772 individuorum
731 4695 884 4772 indolem
921 4697 1141 4798 potissimum
1176 4696 1400 4796 inquirentes.
1461 4697 1677 4796 Effingamus
1714 4702 1749 4770 et

241 4823 436 4892 sumamm'
459 4815 576 4916 potius
610 4841 699 4917 quaa
741 4816 958 4909 Oartesio,
993 4823 1122 4893 novum
1162 4815 1338 4915 quondam
1376 4815 1494 4893 lumen
1530 4813 1748 4904 admoventi,

1536 4940 1559 5010 9
