4874 6182
839 695 1114 762 onlrro.
1625 696 1730 758 1ιιι

202 941 221 966 ··
265 907 353 1006 Ejus
387 913 505 980 auctor
538 925 666 1002 magna
700 899 879 1008 diligentia
900 907 1054 976 veterum
1083 899 1380 997 recentiorumque
1408 897 1534 997 scripta
1556 897 1724 986 excussit,

206 1001 401 1123 *omniaque
433 1024 525 1110 loca,
561 1045 650 1119 quae
677 1026 921 1120 argumentum
949 1019 1119 1093 illustrare
1142 1025 1302 1117 possent,
1326 1017 1542 1116 compilavit,
1568 1039 1727 1114 quaeque

217 1144 349 1218 invenit
367 1139 537 1242 probabili
557 1162 729 1227 sermone,
753 1145 789 1212 et
804 1161 866 1236 per
882 1145 1076 1235 temporum
1097 1136 1218 1210 seriem
1236 1137 1403 1212 concinno
1419 1137 1539 1212 ordine
1556 1137 1726 1234 exposuit.

197 1291 203 1302 ·
219 1263 325 1342 Quod
343 1263 380 1334 in
405 1283 445 1335 eo
467 1259 610 1333 sortasse
631 1257 688 1332 hic
705 1257 775 1332 illic
793 1255 1006 1331 desideratur
1023 1254 1154 1353 ingenii
1173 1278 1337 1343 acumen,
1363 1254 1542 1354 diligentie
1560 1262 1595 1329 et
1611 1253 1728 1329 labore

217 1379 471 1479 compensavit,
504 1401 568 1452 nco
597 1383 736 1451 tantum
770 1374 963 1474 antiquiore
987 1372 1245 1472 tempora-sed
1273 1397 1411 1472 quoque
1440 1373 1612 1448 ambitum
1641 1373 1728 1447 an-

218 1523 334 1574 sarum
369 1505 524 1596 tempore
556 1503 712 1572 accurate
748 1493 948 1593 descripsit,
985 1494 1034 1568 ita
1067 1501 1108 1568 ut
1146 1492 1342 1566 universam
1382 1492 1618 1589 quaestionem
1653 1493 1728 1592 pari

217 1614 387 1689 industria
411 1612 575 1688 tractarit.

267 1734 374 1808 Hunc
404 1733 513 1830 igitur
540 1740 716 1806 auctorem
742 1727 895 1830 praemio
920 1731 1014 1830 regio
1042 1730 1339 1806 condecorandam
1367 1729 1581 1816 censuimus,
1606 1735 1728 1825 atque,

218 1859 335 1950 aperta
360 1849 509 1937 scidula,
533 1873 660 1924 nomen
684 1850 812 1947 prodiit

806 1969 934 2040 Issscr
958 1969 1137 2055 Turrino,

313 2165 319 2176 ,
559 2091 597 2161 iu
621 2088 803 2162 Academia
829 2089 1046 2187 Groninpana
1061 2090 1158 2184 juris
1187 2089 1388 2176 Candidati,

219 2207 298 2304 qui,
322 2207 483 2281 instituto
507 2205 682 2294 examine,
707 2229 743 2280 se
767 2212 942 2280 auctorem
965 2206 1066 2280 nobis
1091 2205 1257 2304 probavit.

265 2444 561 2518 Praestantissima
601 2445 787 2519 Tunrrua'l
850 2445 1007 2519 Praemio
1048 2443 1143 2542 regio
1179 2451 1215 2518 te
1260 2442 1557 2517 condecorandam
1599 2444 1734 2517 censuit

218 2561 302 2634 ordo
331 2562 683 2652 iurisconsultorum,
719 2564 814 2662 quod
843 2563 1120 2662 gratulabundus
1150 2561 1216 2636 tibi
1238 2562 1354 2637 trado:
1380 2562 1526 2661 contigit
1551 2562 1645 2636 enim
1669 2562 1736 2635 tibi

218 2688 356 2754 strenue
386 2681 677 2776 contendentibus
702 2682 847 2756 aemrdis
877 2681 1050 2756 doctrinae
1073 2681 1224 2779 palmam
1250 2681 1451 2778 praeripere.
1500 2681 1569 2753 Fac
1590 2689 1630 2752 ut
1653 2679 1733 2753 doc·

218 2798 309 2872 tn'na
326 2823 435 2896 aeque
458 2824 497 2874 ac
508 2800 688 2874 honestate
708 2800 819 2898 magis
838 2801 1018 2899 magisque
1037 2799 1191 2888 eluceas,
1216 2805 1258 2872 ut
1275 2799 1337 2896 qui
1354 2801 1447 2872 n'unc
1466 2821 1503 2871 es
1526 2798 1733 2872 Academiae

222 2917 328 2992 docus
351 2917 537 3016 aliquando
561 2917 697 2992 Patriae
722 2918 848 2992 evadas
872 2925 1124 2994 ornamentum.
1248 2927 1252 2936 '

269 3036 498 3110 Omatissime
527 3037 694 3110 Rrurrasl
754 3039 912 3111 Aureum
938 3037 1004 3110 tibi
1030 3037 1164 3110 tradere
1189 3059 1375 3110 nummum
1395 3037 1581 3124 nonlicet,
1607 3035 1734 3110 sodex

220 3153 328 3253 Regis
344 3154 580 3228 munificentia
600 3159 762 3253 argenteo
780 3161 815 3226 te
836 3153 975 3242 donari,
991 3153 1052 3251 qui
1074 3153 1112 3226 in
1134 3151 1319 3226 certamine
1338 3151 1468 3227 difficili
1486 3153 1576 3226 inter
1590 3151 1734 3226 eximios
1785 3199 1787 3202 -

220 3271 372 3346 aemulos
393 3271 533 3346 laudem
557 3271 716 3347 victoriae
734 3271 932 3372 proximam·
948 3270 1151 3370 reportasti,
1175 3269 1366 3345 admodum
1385 3271 1501 3346 laetor.
1536 3271 1647 3372 Perge
1672 3293 1733 3358 eo,

221 3415 326 3488 quem
339 3390 513 3488 ingressus
525 3415 562 3465 es
571 3448 582 3480 ,
592 3391 748 3479 tramite,
760 3398 801 3464 ut
812 3391 1185 3490 aliquandosummam
1198 3388 1285 3463 ferre
1297 3389 1449 3487 palmam
1464 3388 1530 3462 tibi
1541 3389 1730 3487 contingat.

271 3629 441 3702 Jndiciun
466 3631 595 3704 ordinis
608 3629 845 3726 philosophiae
869 3628 1071 3704 theoreticae
1094 3634 1130 3700 ct
1151 3626 1341 3699 litterarum
1365 3626 1604 3701 humaniorum.

269 3744 329 3818 Ad
353 3747 589 3842 quaestionem
615 3771 658 3823 ex
682 3745 824 3820 historia
847 3745 995 3844 patriae:
1611 3756 1620 3772 ’

275 3864 573 3938 nBahthasnris
594 3865 780 3939 Behheri
801 3866 874 3940 rita
895 3872 931 3940 et
947 3867 1070 3939 merita
1091 3889 1133 3938 ea
1152 3865 1236 3960 iouis
1249 3864 1408 3958 sontihna
1424 3865 1565 3964 Belpico
1582 3869 1732 3941 seimona

222 3985 274 4056 ita
300 3991 530 4078 seponantur,
555 3990 594 4057 ut
618 3984 773 4056 narraho
793 3983 1033 4057 commendetur
1053 3988 1120 4054 tnm
1143 3987 1303 4054 accurata
1323 3981 1488 4054 rencnne
1511 3988 1579 4055 tum
1599 3983 1731 4082 elepan-

225 4102 306 4174 tiari
330 4101 524 4174 orationc:''

273 4219 370 4292 Ordo
411 4218 499 4292 duas
538 4217 844 4294 commentationes
879 4218 1026 4318 aceepit,
1075 4241 1223 4318 quarum
1255 4241 1326 4292 una
1361 4218 1562 4292 Scnmuaar
1600 4219 1729 4294 verbis:

230 4365 248 4406 n
264 4337 364 4411 Weua
396 4339 452 4411 die
483 4338 617 4436 Khnipe
651 4337 772 4424 hau’n,
807 4338 914 4412 haheu
950 4342 1006 4414 dic
1040 4339 1199 4414 Kdrracr
1227 4363 1269 4413 au
1297 4339 1379 4412 thua
1388 4341 1427 4438 ;'†
1457 4339 1563 4414 altera
1596 4341 1732 4414 Gdrmr

227 4453 355 4528 verbis:
395 4483 413 4524 n
426 4457 473 4529 So
498 4458 598 4529 wirht
620 4458 683 4530 mit
704 4456 830 4529 Macht
851 4458 912 4530 der
936 4459 1009 4531 edle
1031 4459 1167 4531 Maan'’
1192 4463 1275 4546 etc,
1300 4465 1377 4532 erat
1395 4465 1525 4532 omata.

276 4573 414 4647 Harum
432 4580 434 4584 '
453 4574 776 4650 commentationem
809 4575 989 4673 scriptores
1026 4583 1270 4675 argumentum
1303 4583 1535 4674 exposuerunt
1566 4577 1665 4652 docte
1699 4586 1735 4651 et

228 4715 356 4790 magna
400 4715 481 4766 cum
523 4693 724 4792 diligentia,
759 4699 864 4792 atque
906 4717 950 4768 er
988 4694 1129 4794 optimis
1167 4694 1357 4770 hauserunt
1392 4694 1566 4784 lontibus,
1604 4696 1653 4771 ita
1695 4707 1736 4770 ut

230 4817 376 4908 uterque
410 4811 497 4884 liber
531 4811 630 4910 plura
662 4821 698 4886 et
732 4812 871 4887 meliora
896 4795 947 4888 'de
981 4813 1161 4889 Burrieno
1191 4813 1387 4906 contineat,
1412 4839 1516 4913 quam
1540 4815 1610 4890 ulla
1631 4815 1736 4915 hujus

816 4941 819 4950 ·
1501 4935 1546 5007 16
