4874 6182
738 675 801 740 raa
1210 765 1213 772 ⁴
1298 671 1331 735 r.
1366 647 1399 736 c.
1435 667 1685 734 nonunns

733 877 797 952 viri
830 876 899 950 vita
933 876 1113 976 hucusque
1144 875 1181 950 in
1214 875 1327 950 lucem
1359 875 1461 950 edita.
1511 875 1566 948 De
1596 871 1738 948 diversis
1765 872 1871 948 etiam
1901 859 2074 948 Burnum
2110 878 2242 978 scriptis

732 995 933 1095 theologicis
967 1003 1002 1070 et
1033 993 1276 1095 philosophicis
1311 1018 1499 1092 eorumque
1530 1017 1623 1068 nexu
1662 1016 1743 1066 cum
1775 993 2013 1092 theologorum
2043 995 2136 1071 illius
2171 999 2245 1073 aevi

734 1114 1041 1213 disceptationibus
1061 1115 1198 1214 egregie
1217 1114 1473 1201 disseruerunt,
1497 1113 1547 1188 ite
1569 1120 1610 1186 ut
1627 1112 1663 1186 in
1687 1112 1780 1188 hisce
1803 1113 2009 1201 referendis,
2034 1117 2243 1214 exponendis

735 1239 771 1306 et
795 1231 1025 1331 dijudicandis
1043 1231 1196 1330 palmam
1213 1231 1375 1306 omnibus
1392 1230 1660 1330 praeripuerint,
1686 1231 1747 1330 qui
1762 1232 1806 1305 de
1822 1232 2003 1306 Burrieno
2025 1233 2242 1332 scripserunt.

781 1351 825 1424 In
859 1357 1007 1448 utroque
1039 1351 1127 1424 libro
1159 1351 1296 1425 dicendi
1321 1374 1451 1450 genus,
1485 1351 1550 1424 etsi
1574 1375 1645 1424 non
1669 1374 1709 1424 ea
1736 1374 1773 1424 se
1796 1351 2015 1424 commendet
2038 1353 2189 1451 puritate
2210 1364 2243 1426 et

735 1469 906 1568 elegantia
922 1494 1027 1568 quam
1047 1469 1131 1545 ordo
1152 1478 1345 1570 optaverat,
1370 1470 1465 1545 haud
1484 1470 1636 1544 multum
1660 1475 1777 1544 tamen
1797 1469 1925 1544 recedit
1947 1470 1991 1544 ab
2010 1495 2051 1544 co
2072 1471 2242 1559 oratione,

735 1614 804 1687 qua
827 1597 997 1663 nostrates
1021 1589 1057 1662 in
1082 1589 1282 1688 hujusmodi
1306 1589 1441 1687 scriptis
1465 1589 1518 1662 uti
1541 1589 1660 1664 solent.

781 1708 919 1786 Quodsi
951 1708 1058 1808 igitur
1091 1707 1187 1782 Ordo
1217 1708 1261 1782 de
1293 1708 1416 1782 harum
1449 1706 1779 1782 commentationum
1808 1707 1992 1794 eltemtra,
2026 1709 2097 1782 sola
2120 1733 2181 1807 per
2196 1694 2241 1785 'sc

734 1827 969 1916 considerata,
1004 1827 1211 1901 sententiam
1233 1827 1320 1902 ferre
1339 1827 1540 1916 debuisset,
1563 1851 1633 1901 non
1654 1826 1769 1902 minus
1791 1825 1873 1902 huic
1897 1851 2003 1924 quam
2030 1827 2082 1900 illi
2101 1853 2241 1903 aureum

730 1947 923 2044 praemium
966 1945 1206 2045 adjudicasset.
1264 1947 1315 2020 At
1361 1971 1440 2020 vero
1481 1947 1624 2045 scriptor
1660 1945 1761 2034 libri,
1799 1945 1860 2044 qui
1897 1947 2099 2020 Sournnnnr
2131 1948 2240 2022 verbis

729 2065 916 2165 insignitus
946 2071 1017 2153 est,
1046 2063 1191 2140 interius
1217 2065 1254 2138 in
1284 2073 1528 2163 argumentum
1549 2063 1758 2164 penetravit,
1782 2063 1883 2163 plura
1904 2065 2045 2139 omnino
2072 2066 2239 2142 doctrinae

731 2209 771 2258 ac
793 2184 916 2282 judicii
940 2183 1147 2258 documenta
1170 2183 1287 2273 dedit,
1311 2185 1484 2258 Burnum
1508 2184 1630 2258 merita
1655 2190 1691 2258 et
1716 2182 1822 2257 vitam
1844 2183 2052 2260 luculentius
2075 2166 2239 2284 exposuit.

582 2401 585 2408 ι
728 2301 836 2376 Hunc
858 2302 985 2402 igitur,

1289 2401 1463 2475 Fonnrrnn
1489 2400 1677 2488 Scnrarr,

778 2522 816 2592 ia
833 2519 1018 2592 Academia
1035 2521 1253 2617 Groaiapaaa
1271 2519 1461 2594 litterarum
1481 2521 1703 2594 Candidatam
1718 2526 1754 2592 et
1769 2518 1968 2616 hheolopiae
1984 2521 2195 2607 Studiorum,

733 2659 878 2712 nummo
901 2659 1006 2712 aureo
1031 2637 1178 2736 dignum
1200 2637 1441 2736 judicaverunt
1447 2671 1456 2728 ;
1480 2638 1628 2712 alterum
1650 2645 1786 2724 eutem,

1085 2757 1298 2833 Gnusnnorr
1321 2758 1450 2832 henou
1472 2756 1710 2832 Bnnrrsnuuu
1734 2755 1890 2842 Hnnrr,

948 2879 985 2950 ia
1009 2877 1192 2950 Academia
1216 2876 1535 2976 hupedano-Batava
1559 2875 1750 2950 litterarum
1782 2875 2027 2963 Caadidatram,

730 3001 894 3093 argenteo
919 2994 1072 3092 praemio
1096 2993 1287 3069 ornandum
1312 3001 1521 3070 censuerunt
1542 2994 1687 3094 judices.

775 3157 993 3244 Audivistis‚
1017 3157 1041 3230 J
1043 3180 1169 3230 uvenes
1190 3156 1416 3231 nobilissimi!
1447 3157 1576 3231 ordinis
1597 3155 1837 3254 Philosophiae
1858 3155 2059 3230 theoreticae
2082 3159 2118 3226 ct
2140 3153 2235 3228 litte·

726 3296 842 3347 rarum
863 3273 1106 3347 humaniorum
1124 3271 1317 3371 judicium,
1341 3298 1411 3372 quo
1432 3274 1518 3362 tibi,
1542 3273 1833 3373 praestantissime
1849 3275 2022 3349 Fonnnnr
2042 3272 2230 3346 Scurrae!

726 3417 872 3469 aureum
905 3393 1123 3493 praemium,
1168 3391 1235 3466 tibi
1270 3400 1410 3482 eutem,
1452 3393 1669 3468 ornatissime
1705 3394 1862 3484 Hnnsr,
1900 3395 2004 3468 simul
2034 3399 2236 3492 argenteum

725 3513 798 3612 jam
838 3512 1063 3612 adsignatur,
1107 3536 1147 3620 ac
1184 3510 1215 3585 si
1247 3511 1355 3612 Regis
1386 3512 1475 3587 hanc
1504 3513 1670 3612 majorem
1714 3512 1819 3588 etiam
1855 3513 2114 3599 liberalitatem,
2150 3535 2238 3610 quae

730 3640 810 3706 ante
841 3655 968 3728 paucas
1000 3629 1101 3704 horas
1115 3617 1218 3703 'mihi
1250 3629 1411 3705 nuntiata
1445 3637 1519 3720 est,
1554 3630 1626 3730 jam
1662 3629 1907 3729 praesensisset
1941 3629 2035 3703 ordo.
2095 3627 2238 3702 Strenue

729 3751 773 3824 dc
807 3748 949 3823 victorio
984 3747 1213 3822 concertastis.
1273 3751 1559 3825 Gratulabundus
1590 3748 1730 3846 utrique
1760 3756 1913 3824 vestrum
1938 3747 2077 3822 virtutis
2103 3755 2138 3820 ct
2159 3746 2235 3822 doc·

728 3868 840 3942 trinae
861 3865 1053 3965 proemium
1074 3864 1188 3941 offero.
1238 3865 1376 3966 Pergite
1393 3869 1513 3945 ecdem
1534 3867 1704 3943 industria
1720 3867 1851 3966 patriae
1868 3867 2046 3942 historiam
2068 3866 2235 3955 excolere,

728 3987 764 4058 in
789 3985 919 4083 patriae
942 3983 1089 4058 salutem
1113 3991 1148 4058 et
1170 3984 1324 4083 gloriam.
1369 4021 1371 4026 ·

776 4179 931 4254 Alteram
962 4179 1131 4253 Judiciam
1166 4179 1307 4255 Ordinis
1335 4181 1576 4280 Philosophiae
1606 4182 1807 4258 theoreticae
1839 4189 1874 4257 et
1902 4181 2092 4256 litterarum
2124 4181 2234 4254 hama·
2315 4261 2318 4270 ¹

726 4299 855 4372 nimam
878 4298 938 4372 hoc
961 4305 1034 4372 cot.-

776 4440 836 4515 Ad
859 4439 1096 4538 quaestionem
1120 4464 1163 4516 ex
1185 4441 1327 4517 historic
1348 4441 1509 4541 antiquar

777 4559 1023 4635 aEaha'beatar
1052 4562 1237 4660 disputatio
1268 4564 1318 4637 de
1344 4569 1470 4662 pente
1499 4563 1637 4638 Fadio
1668 4566 1805 4662 ejusque
1839 4565 1875 4637 oi
1904 4571 1941 4638 ct
1966 4561 2171 4636 auctoritate
2198 4563 2231 4632 ia

725 4679 862 4753 civitate
892 4677 1048 4753 Itomaao
1074 4705 1145 4778 per
1176 4688 1326 4780 tempora
1355 4683 1483 4758 tharac
1514 4684 1727 4782 respublicae.
1794 4683 1870 4761 Qua
1905 4682 2132 4778 disputatione
2166 4687 2231 4752 tam

724 4797 830 4892 hariae
853 4800 967 4895 pantio
994 4800 1204 4898 antiquitas,
1236 4804 1344 4892 ratio,
1367 4802 1525 4878 instituta
1546 4807 1775 4900 eapoaaatar,
1799 4799 2103 4901 quampraecipue
2126 4821 2172 4872 ca
2192 4819 2231 4870 aa
