4986 6200
724 671 786 738 -60
1320 671 1360 741 G.
1393 671 1422 740 J.
1457 673 1680 744 vunnim

746 878 1044 980 cognoscendique
1073 884 1256 978 praecepta
1286 885 1386 954 caute
1420 886 1455 953 et
1487 880 1734 980 circumspecte
1760 876 1991 952 attendamus.
2054 879 2191 956 Quodsi
2221 881 2261 956 od

742 1024 878 1099 semper
904 999 992 1072 duce
1030 1003 1066 1072 et
1096 997 1262 1097 adjutrice
1292 999 1463 1098 progressi
1490 1005 1610 1073 essent.
1632 998 1695 1072 viri
1720 998 1832 1086 docti,
1857 997 1931 1071 sine
1958 995 2066 1070 dubio
2089 997 2193 1072 etism
2214 999 2259 1072 de

743 1118 991 1218 principiorum
1019 1117 1135 1192 indole
1163 1141 1203 1192 ac
1224 1116 1356 1192 ratione
1381 1117 1508 1192 rectius
1525 1117 1749 1214 judicassent.
1800 1116 1857 1190 Sic
1873 1139 1946 1190 non
1968 1139 2044 1190 esse
2068 1115 2203 1191 diversa
2223 1143 2262 1192 sc

743 1237 933 1336 disjuncta,
958 1261 1047 1335 quae
1067 1235 1150 1310 talia
1169 1235 1406 1324 habebantur,
1432 1279 1483 1298 -
1507 1237 1555 1311 sic
1579 1239 1690 1312 multa
1711 1237 1757 1311 ad
1784 1235 1948 1335 pauciora
1967 1260 2043 1310 esse
2070 1235 2263 1336 colligenda

742 1365 789 1430 et*
805 1355 1062 1454 componenda,
1095 1351 1144 1410 '-
1177 1356 1262 1453 quin
1292 1356 1398 1430 etiam
1428 1357 1565 1455 saepius
1590 1382 1610 1431 e
1635 1355 1812 1456 pluribus,
1836 1355 1923 1430 falso
1951 1355 2125 1430 distractis
2148 1363 2184 1428 et
2210 1379 2262 1428 se-

740 1475 892 1572 paratis,
932 1497 1043 1548 unum
1076 1473 1318 1550 tantummodo
1348 1499 1423 1552 esse
1451 1483 1584 1550 certum
1619 1501 1658 1550 ec
1681 1475 1933 1562 necessarium,
1966 1483 2028 1548 sut
2054 1457 2264 1548 latissimum

520 1589 523 1596 ’
647 1618 649 1623 ·
742 1595 967 1691 omniumque
1006 1592 1243 1668 firmissimum
1276 1593 1564 1682 fundamentum,
1598 1596 1825 1694 apparuisset.
1884 1592 1963 1668 Hbc
1999 1592 2076 1692 ipsd
2112 1616 2264 1690 namque

741 1712 915 1810 paucitate
936 1735 976 1786 ac
995 1711 1183 1799 brevitate,
1208 1713 1271 1786 ubi
1287 1714 1369 1787 fiere
1389 1721 1523 1813 potest,
1548 1713 1753 1801 constituti,
1772 1737 1981 1814 magnopere
1999 1713 2261 1811 disciplinarum

740 1831 828 1906 ratlo
866 1831 1089 1918 emendatur,
1124 1831 1336 1930 percipiendi
1368 1840 1543 1907 ettotam
1570 1835 1839 1933 universumque
1860 1833 2094 1931 conspiciendi
2115 1832 2264 1908 facilitas

740 1950 923 2048 insigniter
955 1957 1120 2047 augetur,
1156 1949 1456 2050 investigandique
1483 1951 1538 2026 via
1566 1953 1677 2026 multo
1701 1953 1805 2028 latius
1826 1953 1979 2052 aperitur
1998 1977 2038 2027 ac
2059 1951 2261 2026 recluditur.

743 2073 965 2168 Quapropter
998 2068 1126 2142 dictam
1159 2069 1254 2142 illam
1289 2094 1466 2158 normam,
1497 2071 1604 2144 veluti
1638 2071 1855 2170 disciplinam
1888 2070 2154 2170 praescriptam,
2178 2095 2263 2146 con·

746 2197 877 2264 stanter
900 2188 1000 2286 sequi
1023 2188 1114 2262 inter
1140 2187 1250 2262 officia
1280 2189 1471 2263 necessaria
1494 2189 1681 2277 referatur,
1709 2191 1900 2290 eisdemque
1923 2191 2050 2290 igitur,
2066 2191 2164 2266 ‚sicut
2186 2191 2265 2287 lege

745 2317 807 2382 aut
830 2306 1083 2394 moderamine,
1109 2306 1265 2380 adstricti
1293 2307 1402 2381 simus
1424 2308 1461 2381 in
1484 2309 1733 2408 investigandis
1756 2335 1866 2408 aeque
1893 2335 1932 2384 ao
1956 2310 1992 2384 in
2014 2308 2264 2408 pertractandis

694 2481 698 2488 -
741 2438 776 2501 et
801 2426 976 2502 tradendis
998 2426 1257 2524 disciplinarum
1278 2426 1599 2502 mathematicamm
1620 2429 1844 2527 argumentis.
1895 2429 1941 2502 Et
1957 2427 2002 2502 ab
2019 2427 2060 2501 eb
2076 2428 2105 2500 si
2125 2428 2263 2526 saepius

743 2546 954 2632 disceditur,
991 2545 1069 2643 quis
1092 2553 1145 2620 est
1166 2545 1321 2642 quinon
1348 2545 1520 2644 intelligat
1543 2547 1798 2644 concedatque,
1823 2569 1940 2620 veram
1967 2569 2085 2618 rerum
2109 2545 2262 2618 indolem

739 2666 836 2740 haud
856 2665 1037 2764 cognosci,
1062 2673 1125 2739 aut
1151 2664 1381 2762 cognoscendi
1406 2665 1575 2740 rationem
1602 2665 1751 2740 maxime
1778 2665 1940 2764 impediri
1964 2689 2087 2762 posse,
2111 2666 2262 2764 justum·

740 2811 808 2884 que
830 2807 1051 2883 progressum
1073 2783 1179 2858 etiam
1202 2790 1308 2882 atque
1338 2785 1443 2860 etiam
1464 2785 1642 2862 'retardari
1688 2857 1691 2866 .

788 2905 903 2978 Locus
940 2902 984 2975 de
1015 2902 1180 2975 divisione
1212 2911 1248 2974 et
1277 2903 1321 2976 de
1352 2905 1538 3000 partitione
1562 2929 1642 2978 cum
1664 2905 1723 2978 illo
1750 2905 1794 2976 de
1817 2903 2017 2978 definitione
2041 2929 2082 2978 ao
2102 2905 2146 2978 de
2169 2903 2265 3002 prin·

739 3023 907 3120 cipiorum
939 3019 1184 3091 constitutione
1221 3026 1293 3089 tam
1326 3027 1418 3091 arcte
1457 3021 1632 3104 cohaeret,
1669 3029 1709 3090 ut
1741 3019 1878 3114 sejungi
1903 3021 1948 3092 ab
1975 3019 2039 3092 hoc
2061 3021 2119 3092 vix
2141 3023 2266 3116 possit.

739 3139 804 3211 Ille
825 3159 976 3232 namque
999 3134 1104 3232 hujus
1131 3133 1383 3206 adminiculum
1408 3135 1642 3208 necessarium
1663 3142 1738 3221 est,
1763 3141 1798 3206 et
1818 3133 1913 3208 hunc
1934 3157 2074 3232 prorsus
2095 3137 2265 3210 defendit.

740 3259 858 3333 Quam
891 3254 936 3326 ob
971 3276 1045 3326 rem
1076 3251 1113 3324 in
1141 3251 1200 3324 illo
1226 3251 1341 3326 minus
1366 3261 1517 3326 erratum
1544 3253 1673 3338 fuisse,
1698 3259 1760 3326 aut
1782 3275 1897 3326 veram
1919 3253 2008 3326 viam
2029 3254 2128 3351 sequi
2150 3254 2266 3328 ramus

742 3375 850 3448 fuisse
885 3373 1103 3472 neglectum,
1140 3395 1221 3444 oum
1248 3371 1287 3444 id
1318 3371 1434 3469 ipsum
1466 3373 1504 3446 in
1528 3373 1593 3446 hoc
1617 3395 1718 3470 saepe
1743 3370 1918 3446 incautius
1937 3372 2053 3445 locum
2079 3371 2263 3460 habuerit,

742 3493 975 3591 maximopere
1004 3491 1092 3564 foret
1125 3489 1334 3564 mnandum.
1383 3491 1438 3564 Ex
1463 3491 1559 3590 justat
1586 3514 1736 3588 namque
1761 3489 1943 3564 notionum
1969 3489 2137 3566 divisione
2157 3515 2261 3590 argu·

740 3620 1005 3709 meritorumque
1040 3610 1078 3683 in
1117 3633 1279 3682 numeros
1309 3609 1514 3707 partitione,
1552 3610 1710 3684 infirmae
1750 3608 1978 3708 cognoscendi
2012 3607 2168 3683 facultati
2201 3611 2261 3684 ills

740 3730 938 3804 firmissima
970 3727 1172 3826 adjumenta
1207 3727 1333 3802 adferri
1363 3728 1641 3827 validissimaque
1673 3729 1842 3827 praesidia
1868 3727 2082 3826 suppeditari
2110 3729 2258 3816 debent,

742 3850 871 3948 quibus
906 3848 1056 3946 cogitata
1091 3855 1127 3920 et
1157 3848 1388 3944 contemplata
1421 3857 1501 3946 apte
1536 3849 1768 3945 disponuntur
1808 3854 1994 3945 exactoque
2032 3847 2257 3947 digeruntur,

740 3969 910 4068 quibusve
942 3990 1062 4040 eorum
1100 3990 1211 4040 nexus
1241 3967 1447 4064 perspicitur
1477 3975 1662 4065 partesque
1695 3967 1861 4041 obscurae
1895 3967 2160 4055 collustrantur,
2195 3977 2304 4044 aut',

740 4087 863 4161 vitiosa
891 4072 1111 4182 corrigvmtur
1140 4091 1175 4156 ct
1199 4107 1306 4158 vacua
1332 4083 1564 4181 complentur,
1590 4127 1641 4142 -
1666 4083 1836 4182 denique,
1861 4086 2011 4183 quibus,
2036 4113 2079 4162 ex
2100 4087 2256 4161 omnium

739 4205 820 4280 verb
848 4203 1044 4302 cognitione
1077 4201 1242 4276 affinitate
1277 4211 1312 4277 et
1343 4202 1559 4277 absolutione
1588 4203 1713 4278 melius
1740 4203 1913 4280 intellecta
1934 4207 2155 4306 penitiusque
2178 4229 2254 4304 per·

738 4327 876 4422 speotd,
912 4321 1115 4421 praecipuae
1147 4327 1262 4419 partes
1300 4323 1368 4396 ita.
1388 4323 1479 4396 inter
1515 4347 1589 4397 sese
1624 4331 1890 4410 connectuntur,
1925 4332 1966 4398 ut
1987 4325 2078 4398 -inde
2111 4331 2147 4396 ct
2176 4347 2254 4396 vera

737 4445 873 4530 unitas,
921 4448 1150 4540 exoptatoque
1191 4441 1374 4540 plenitudo
1408 4449 1444 4514 et
1478 4441 1703 4530 universitas,
1741 4467 1811 4516 una
1847 4465 1927 4516 oum
1963 4442 2114 4517 maximat
2146 4443 2252 4516 totius

742 4563 978 4660 simplicitate,
1004 4561 1209 4636 codriantur.
1260 4561 1417 4636 Primum
1442 4561 1567 4660 igitur,
1591 4563 1691 4660 juxta
1710 4561 1886 4635 dividendi
1908 4567 1943 4634 et
1964 4559 2135 4660 partiendi
2156 4583 2251 4657 prae·

739 4689 856 4776 cepta,
890 4705 1009 4754 earum
1042 4705 1176 4770 rerum,
1202 4707 1292 4780 quae
1315 4679 1515 4777 disciplinae
1539 4689 1636 4778 parte
1661 4679 1812 4779 quddam
1838 4681 2072 4766 continentur,
2097 4686 2250 4753 exactam

742 4802 777 4866 et
799 4796 1020 4872 distributam
1039 4801 1286 4898 expositionem
1307 4799 1459 4898 accipere
1482 4799 1854 4900 studeamus-oportet,
1881 4801 1950 4898 qut
1969 4799 2124 4899 ejusdem
2146 4796 2252 4895 partis
