4874 6182
855 699 1131 768 ORATIO.
1680 703 1789 771 105·

231 909 350 983 amale
386 909 534 984 consulit
568 907 698 1006 aegris,
733 915 769 980 et
801 933 900 984 verus
934 910 1033 983 illum
1067 889 1160 1009 lugit
1194 908 1384 986 medicinae
1413 933 1560 1008 scopus„
1596 907 1738 984 Faciant

230 1029 453 1117 atheoratici,
485 1036 525 1103 ut
559 1028 697 1124 morbos
732 1051 850 1102 sanare
883 1027 1054 1126 possimus
1087 1026 1156 1102 huc
1176 1051 1287 1125 usque
1309 1026 1537 1130 insepabiles,
1561 1034 1596 1100 et
1619 1033 1736 1125 gratos
1797 1019 1798 1024 ’

166 1185 168 1191 2
231 1173 323 1223 anos
347 1146 588 1247 profitebimur
612 1145 832 1244 discipulos.”

276 1267 372 1343 Talia
418 1266 503 1341 dum
544 1268 699 1366 jactant,
736 1266 866 1364 justam
903 1264 1193 1338 necessitudinem
1226 1264 1405 1340 scientiam
1438 1268 1529 1340 inter
1561 1274 1597 1341 et
1629 1274 1738 1340 artem

229 1385 395 1485 practices
418 1411 488 1460 non
510 1387 721 1486 perspicere,
746 1385 861 1483 palam
882 1391 944 1458 est.
996 1383 1146 1458 scientia
1168 1383 1260 1457 enim
1286 1406 1357 1455 non
1382 1393 1491 1457 artem
1511 1385 1682 1484 integram
1702 1393 1738 1458 et

227 1503 412 1602 perfectam
428 1506 562 1605 gignit,
581 1505 642 1580 sed
662 1501 934 1602 opportunitates
948 1503 1058 1576 solum
1074 1501 1234 1601 praebet,
1253 1500 1326 1574 sine
1345 1501 1472 1599 quibua
1489 1528 1544 1576 ars
1560 1504 1655 1577 nulla
1674 1511 1736 1578 est.

228 1620 354 1700 Quid?
403 1622 585 1696 Vellentne
618 1620 773 1720 practici,
812 1627 853 1693 ut
883 1645 938 1694 ars
970 1620 1133 1694 omnibus
1160 1619 1318 1693 absoluta
1350 1619 1524 1707 numeris,
1560 1620 1738 1696 Minervae

226 1729 350 1828 instar,
372 1765 415 1814 er
435 1741 546 1816 aliano
566 1740 705 1815 cerebro
724 1746 938 1827 nasceretur,
955 1739 1108 1838 ipsisque
1122 1739 1209 1812 nihil
1224 1737 1415 1812 curandum
1433 1745 1586 1813 restaret.
1619 1739 1741 1812 Artem

227 1859 359 1931 efficere
379 1859 476 1933 etad
494 1860 586 1934 hunc
608 1860 713 1933 finem
737 1859 913 1942 scientiam
932 1859 1036 1932 etiarn
1052 1857 1233 1943 adhibere,
1258 1855 1410 1955 ipsorum
1432 1858 1660 1955 practicarum
1678 1865 1741 1930 est.

228 1978 329 2054 Quae
362 1975 531 2052 adhibitio
563 1977 695 2065 sicubi,
729 1986 770 2051 ut
799 1977 935 2076 saepius
964 1978 1028 2064 fit,
1064 1975 1176 2063 desit,
1213 1975 1454 2064 meminerint,
1488 1975 1640 2050 fructum
1672 1999 1743 2050 non

227 2094 307 2168 inde
323 2119 343 2168 a
362 2095 558 2192 primordiis
576 2087 753 2172 maturum
773 2113 868 2184 esse,
892 2120 1005 2193 neque
1030 2103 1165 2170 maturo
1182 2117 1218 2168 se
1240 2119 1396 2192 unquam
1419 2118 1564 2184 usuros,
1586 2093 1655 2168 nisi
1676 2095 1744 2193 ipsi

173 2214 182 2224 “
228 2213 365 2287 foveant
387 2239 468 2288 eum
490 2225 552 2290 aut
574 2217 697 2290 saltem
721 2217 828 2290 foveri
851 2216 976 2290 sinant.

274 2332 346 2406 Vos
382 2357 502 2407 omnes
542 2335 604 2432 qui
643 2335 681 2408 in
719 2335 936 2432 disciplinam
970 2333 1241 2432 physiologieam
1276 2331 1494 2419 incumbitis,
1530 2331 1663 2406 [ructus
1698 2331 1743 2405 ad

226 2452 464 2527 matmitatem
495 2453 681 2551 perducere
715 2455 864 2554 pergite,
899 2461 934 2527 et
964 2451 1136 2552 judicium
1173 2451 1334 2550 iniquum
1366 2450 1574 2524 contemnite
1604 2474 1742 2538 eorum,

227 2570 289 2667 qui
314 2595 463 2645 messem
487 2571 766 2670 intempestivam
790 2572 949 2671 cupiant!

274 2689 437 2763 Alterum
467 2689 525 2788 jus
555 2689 697 2764 scientia
725 2691 831 2766 habet
864 2699 899 2764 et
929 2697 1079 2764 exercet:
1104 2689 1268 2788 repellere
1288 2687 1517 2785 praedatores.
1568 2687 1744 2760 Nimirum

226 2807 458 2905 practicarum
484 2807 664 2896 nonnulli,
696 2808 722 2881 ii
748 2809 970 2908 praesertim,
995 2803 1066 2906 qui'
1080 2807 1258 2881 scientiam
1280 2812 1316 2878 et
1341 2812 1451 2879 artem
1472 2803 1679 2902 conjungere
1706 2829 1743 2876 se

189 2931 192 2938 ’
227 2924 418 3023 gloriantur
447 2925 564 3024 potius
595 2933 701 3023 quarn
731 2927 851 3001 sedulo
883 2926 1046 3014 student,
1083 2925 1263 3022 quodlibet
1297 2923 1458 2998 scientiae
1486 2925 1638 3011 lucrum,
1664 2922 1745 2997 licet

229 3067 295 3118 uec
327 3051 441 3118 ortum
470 3045 547 3142 ejus
573 3069 636 3118 nec
661 3045 833 3118 ambitum
857 3044 1086 3143 perspiciant,
1111 3043 1258 3140 arripare
1282 3066 1391 3139 eoque
1413 3041 1459 3116 ad
1481 3067 1624 3141 praxeos
1652 3041 1745 3116 utili·

227 3169 335 3267 tetem
358 3162 602 3260 qualicumque
624 3163 728 3236 modo
750 3161 849 3234 abuti
870 3169 1048 3236 conantur.
1098 3159 1323 3233 Praedatores
1343 3183 1445 3246 voco,
1471 3166 1591 3258 utpote
1612 3160 1744 3256 aliena,

225 3303 297 3354 non
324 3279 497 3356 intellecta
529 3279 596 3354 sibi
628 3289 835 3378 arrogantes.
886 3281 933 3353 Et
961 3278 1121 3354 scientiae
1143 3278 1194 3352 illi
1216 3283 1342 3353 nocent
1362 3285 1397 3352 et
1420 3278 1506 3352 arti:
1529 3279 1628 3354 hanc
1652 3280 1746 3353 enim

228 3395 367 3472 incertis
406 3404 441 3471 et
486 3399 581 3473 falsis
617 3406 861 3495 corrumpunt;
889 3397 940 3472 illi
973 3397 1079 3470 fidem
1111 3396 1263 3495 eripiunt
1296 3403 1436 3495 propter
1466 3397 1744 3508 frustrationem,

230 3540 319 3614 quae
349 3516 564 3589 temerariam
590 3523 626 3590 et
657 3513 935 3612 intempestivam
962 3512 1213 3586 adhibitionem
1236 3513 1373 3610 saepius
1398 3513 1554 3588 insecuta
1575 3522 1636 3588 aut
1664 3541 1745 3590 mox

229 3634 428 3708 insecutura
466 3639 529 3706 est.
585 3635 702 3710 Quare
734 3641 774 3707 ut
808 3655 908 3706 suam
947 3631 1153 3729 dignitatem
1188 3626 1364 3730 fidemque
1398 3632 1540 3706 scientia
1581 3641 1743 3724 tueatur,

233 3751 358 3851 expelli
395 3751 511 3824 futiles
554 3751 773 3850 praedatores
809 3751 868 3848 jus
908 3757 970 3824 est.
1028 3749 1084 3823 Ne
1116 3756 1234 3824 autern
1276 3751 1416 3849 practici
1460 3753 1742 3829 semi-doctorum

231 3869 417 3946 ratiociniis
447 3868 683 3968 pelliciantur,
722 3869 808 3943 sario
842 3891 981 3942 monere
1005 3892 1045 3943 ac
1085 3867 1292 3966 multiplices
1323 3869 1474 3946 indicare
1507 3871 1741 3962 conditiones,

232 4013 380 4088 quarum
413 3987 497 4063 haec
533 3988 632 4062 illave
670 3987 827 4086 neglecta
862 3987 960 4062 focile
992 3986 1107 4086 justae
1145 3985 1350 4062 adhibitioni
1382 3989 1516 4077 obstat,
1558 3990 1594 4064 in
1630 3992 1739 4091 ipsius

232 4107 350 4183 officiis
371 4131 472 4206 pono.
1195 4113 1201 4118 '

281 4225 361 4300 Alia
405 4233 579 4324 praeterea
612 4227 717 4302 habet
758 4227 887 4316 officia,
932 4227 1061 4326 quibus
1094 4227 1261 4326 iungatur
1294 4227 1450 4304 scientia:
1491 4237 1531 4303 ut
1564 4230 1743 4330 empiriam

234 4369 357 4442 nempe
392 4345 661 4444 therapeuticam
697 4345 815 4420 debito
856 4347 984 4421 honore
1021 4353 1057 4421 et
1091 4347 1161 4421 fide
1197 4357 1435 4446 prosequatur.
1502 4347 1582 4422 Suis
1620 4347 1741 4446 utique

233 4462 369 4562 juribus
402 4464 516 4562 praxis
556 4465 689 4539 medica
722 4465 872 4564 gaudet,
908 4491 997 4565 quae
1029 4491 1099 4542 nou
1128 4467 1196 4540 nisi
1226 4493 1307 4541 curn
1339 4468 1422 4542 artis
1453 4468 1579 4542 damno
1606 4468 1742 4567 saepius

235 4581 417 4657 violantur.
467 4581 615 4656 Mirum*
631 4608 712 4658 saue
739 4584 846 4658 videri
870 4594 1009 4683 posset,
1042 4613 1153 4686 quum
1186 4594 1329 4662 cunctae
1361 4586 1559 4685 disciplinae
1582 4587 1742 4685 physicae

237 4699 380 4800 empiria
417 4723 453 4772 se
491 4701 555 4773 niti
591 4702 796 4799 glorientur,
829 4703 1007 4802 empiriam
1041 4685 1333 4805 therapeuticcm,
1369 4703 1442 4778 sine
1474 4729 1544 4802 qua
1568 4704 1744 4804 therapeia

237 4818 333 4894 nulla
370 4824 444 4909 est,
483 4841 504 4892 a
536 4818 624 4894 bene
656 4821 775 4896 multis
810 4821 982 4921 vilipendi.
1041 4826 1173 4901 Causas
1203 4823 1390 4924 inquirenti
1419 4823 1508 4898 duae
1537 4823 1575 4897 in
1602 4847 1744 4938 censum

1507 4943 1555 5016 14
1609 4961 1614 4974 '
