4874 6182
697 696 763 760 114
844 697 848 706 ’
1257 689 1290 756 F.
1325 683 1647 756 C.'DONDERS

695 897 883 974 dolendum
916 919 976 993 per
1007 917 1139 968 annum
1168 902 1204 968 et
1234 895 1328 992 quod
1350 897 1499 972 excurrit
1522 917 1664 970 omnem
1691 891 1844 967 siderum
1869 898 1985 966 motus
2007 889 2207 966 observandi

695 1014 989 1115 opportunitatem
1020 1013 1226 1088 defuturam.
1285 1015 1404 1090 Novae
1445 1021 1564 1090 autem
1595 1038 1665 1112 qua
1695 1020 1813 1087 nostra
1846 1009 2035 1086 Academia
2072 1017 2211 1084 ornetur

696 1135 855 1234 speculae
891 1133 1157 1221 astronomicae,
1194 1159 1215 1208 a
1250 1134 1476 1210 Curatoribus
1508 1135 1582 1234 jam
1617 1133 1835 1232 designatae,
1870 1129 1967 1204 brevi
2002 1155 2023 1204 a
2053 1129 2210 1228 Principe

695 1253 934 1350 probationem
963 1251 1154 1351 exspectari
1183 1252 1309 1328 addere
1338 1255 1448 1354 juvat.
1499 1254 1643 1328 Utinam
1664 1251 1709 1326 de
1729 1249 1917 1326 nosocomii
1944 1249 2146 1324 Academici
2166 1249 2208 1325 ab

695 1372 775 1446 imis
809 1371 1047 1446 fundamentis
1072 1371 1288 1446 instaurandi
1320 1373 1497 1448 decretum
1516 1374 1589 1472 jam
1613 1396 1723 1470 aeque
1743 1377 1919 1446 maturum
1941 1377 2043 1444 esset.
2091 1369 2211 1445 Dicere

695 1516 831 1581 verum,
867 1491 953 1590 quid
986 1492 1107 1565 vetat?
1166 1491 1365 1566 Nosocomii
1392 1492 1578 1567 academici
1608 1491 1761 1579 tristem,
1792 1491 1829 1564 in
1855 1513 1925 1588 quo
1947 1495 2118 1576 versatur,
2142 1499 2208 1564 sta·

695 1619 794 1698 turn,
820 1610 948 1685 frustra
970 1609 1124 1708 repetitis
1144 1609 1336 1684 identidem
1364 1612 1532 1710 querelis,
1561 1611 1787 1686 immutatum
1809 1631 1947 1683 manere
1968 1607 2006 1682 in
2027 1607 2210 1706 perniciem

696 1737 937 1828 aegrotorum,
971 1730 1008 1802 in
1040 1729 1208 1802 damnum
1241 1729 1488 1818 institutionis,
1521 1730 1558 1804 in
1592 1729 1748 1806 medium
1783 1736 1818 1802 et
1849 1727 2051 1802 docentium
2082 1733 2118 1800 et
2144 1727 2211 1800 dis·

697 1848 872 1937 centium,
906 1848 943 1921 in
964 1847 1159 1922 academiae
1182 1848 1332 1954 denique
1360 1849 1529 1937 dedecus,
1553 1851 1766 1924 Professores
1787 1847 1900 1922 clinici
1921 1853 2104 1921 testantur.
2152 1847 2208 1919 In·

695 1968 796 2042 terim
840 1991 1008 2042 numerus
1046 1990 1185 2053 eorum,
1219 1967 1281 2064 qui
1314 1969 1481 2042 auxilium
1513 1969 1670 2067 inprimis
1701 1967 1933 2066 cmmgicum
1967 1965 2209 2064 implorarunt,

697 2095 840 2161 auctum
866 2094 918 2160 est
942 2095 978 2160 et
1001 2087 1303 2161 armamentarium
1328 2087 1560 2186 chirurgicum
1584 2087 1842 2188 locupletatum.

749 2445 903 2518 nAunus
954 2445 991 2516 in
1034 2449 1151 2516 nostro
1195 2441 1406 2541 amplissimo
1445 2443 1596 2532 Senatu,
1634 2441 1843 2518 Academiae
1883 2441 2067 2516 Curatores
2106 2449 2207 2538 atque

694 2561 926 2637 Professores!
964 2560 1038 2634 sine
1074 2559 1170 2633 clade
1200 2558 1279 2636 fuit.
1327 2560 1475 2634 Nullum
1500 2562 1670 2660 lugemus.
1722 2559 1871 2634 Senibus
1896 2560 1996 2635 etiam
2019 2559 2096 2633 dira
2118 2583 2213 2634 mors

692 2681 881 2779 pepercit.''
930 2679 1029 2754 Haec
1064 2677 1247 2776 superioris
1273 2679 1356 2752 anni
1379 2678 1535 2753 Rectoris
1566 2679 1691 2766 verba,
1717 2686 1833 2778 grates
1858 2679 1933 2752 Deo
1955 2678 2111 2778 agimus,
2134 2677 2209 2776 jum

694 2800 774 2874 licet
794 2805 956 2898 repetere.
996 2798 1086 2876 Quis
1106 2805 1283 2886 nostrum,
1306 2798 1514 2888 Curatores,
1538 2798 1771 2874 Professores!
1798 2820 1916 2872 senem
1937 2796 2088 2871 maxime
2107 2819 2212 2869 vene·

693 2918 861 3008 rabilem,
897 2917 996 3018 cujus
1030 2917 1111 2992 licet
1147 2917 1241 2990 visus
1264 2917 1470 3024 obcoecatus
1491 2918 1556 3008 sit,
1580 2942 1681 2994 mens
1706 2923 1828 3016 vegeta
1856 2924 1892 2990 et
1917 2915 2054 3015 integra
2076 2921 2213 3002 manet,

694 3027 834 3112 Rectori
865 3037 1045 3135 designato
1078 3033 1310 3134 gratulantem
1345 3043 1450 3134 atque
1482 3033 1690 3113 Academiae
1723 3037 1838 3112 fausta
1864 3037 1982 3112 omnia
2014 3043 2209 3134 precantem

618 3213 622 3221 .
694 3155 849 3242 audivit,
873 3153 1007 3252 absque
1034 3152 1123 3226 laeto
1145 3160 1313 3251 mutoque
1340 3178 1421 3252 erga
1445 3155 1562 3230 Deum
1584 3157 1722 3233 animal
1775 3156 1865 3235 Quis
1895 3180 1965 3231 non
2002 3155 2059 3253 pia
2083 3153 2208 3229 obtulit

694 3279 774 3345 vota
799 3271 876 3346 Deo
902 3272 1033 3370 optimo
1054 3271 1227 3359 maximo,
1252 3278 1293 3345 ut
1315 3272 1353 3386 iu
1375 3283 1497 3351 senatu
1523 3275 1735 3375 amplissimo
1758 3275 1925 3376 praesidis
1954 3276 2072 3350 sedem
2093 3281 2207 3348 tenere

692 3391 820 3464 iterum
847 3390 1043 3489 iterumque
1068 3390 1139 3464 viro
1165 3390 1368 3489 dignissimo
1392 3395 1595 3494 contingat?

741 3511 801 3584 Ad
835 3517 870 3583 te
899 3535 956 3584 me
987 3517 1144 3598 vertens,
1178 3509 1375 3586 Clarissima
1407 3513 1596 3613 Hartingel
1648 3517 1766 3593 Quem
1796 3514 1844 3588 ob
1872 3513 2053 3588 adversam
2084 3512 2211 3588 valetu-

694 3629 812 3702 dinem
847 3629 1015 3726 superiori
1045 3653 1135 3702 anno
1164 3629 1298 3704 solenni
1332 3631 1414 3706 huic
1440 3632 1523 3707 ritui
1548 3657 1617 3708 non
1640 3634 1806 3708 interesse
1829 3631 2056 3721 dolebamus,
2078 3631 2149 3730 jam
2173 3631 2209 3702 in

694 3744 879 3820 sanitatem
907 3746 1130 3834 restitutum,
1155 3747 1324 3838 alacrem,
1349 3750 1510 3850 collegis,
1547 3751 1745 3852 discipulis,
1779 3751 1961 3839 scientiae,
1998 3773 2105 3851 quam
2139 3749 2205 3823 sin·

696 3861 809 3962 gulari
834 3861 916 3936 colis
939 3863 1162 3954 assiduitate,
1187 3875 1223 3940 te
1244 3867 1420 3944 redditum
1442 3895 1516 3945 esse
1538 3872 1673 3970 gaudeo
1693 3871 1827 3970 tibique
1848 3871 2012 3970 gratulor.

747 3981 911 4055 Gratulor
953 3983 1101 4082 denique
1146 3983 1232 4074 tibi,
1278 3985 1341 4061 Vir
1383 3988 1667 4079 consultissime,
1714 3990 1776 4090 qui
1813 3991 2022 4066 Curatorum
2066 3989 2208 4089 collegio

699 4098 744 4172 ab
778 4098 864 4173 actis
888 4123 1024 4177 summa
1056 4103 1227 4180 industria
1256 4106 1463 4182 Academiae
1489 4110 1678 4184 commodis
1703 4111 1896 4210 prospicere
1921 4111 2032 4198 soles,
2056 4107 2208 4209 gratulor

700 4217 784 4306 tibi,
807 4218 864 4330 cui
883 4219 995 4294 filium
1015 4222 1120 4296 nurui
1140 4225 1394 4300 amantissimae
1416 4229 1588 4303 connubio
1605 4229 1767 4328 junctum
1788 4231 1902 4304 videre
1922 4252 2036 4329 nuper
2052 4225 2204 4325 contigit.

702 4335 783 4410 Tibi
808 4335 947 4436 tuisque
973 4363 992 4413 e
1011 4339 1105 4416 dulci
1129 4341 1193 4417 hoc
1222 4343 1357 4418 vinculo
1378 4369 1539 4444 prospera
1562 4347 1677 4422 omnia
1700 4347 1891 4446 pmfluantl

754 4572 835 4646 Non
857 4573 974 4650 omnia
996 4584 1109 4653 tamen
1136 4580 1347 4668 factasunt,
1377 4605 1467 4679 quaa
1488 4581 1665 4658 reserenda
1690 4583 1810 4660 habeo.
1860 4585 1954 4660 Ante
1979 4607 2109 4683 paucos
2135 4583 2206 4656 dies

703 4687 917 4822 nobilissimo
945 4693 1017 4769 viro
1039 4697 1167 4772 Baroni
1186 4723 1253 4774 van
1280 4698 1477 4812 Goltstein,
1497 4701 1656 4777 Omatori
1681 4709 1818 4780 nostrae
1841 4703 2051 4780 Academiae
2064 4711 2206 4802 'specta-

705 4811 856 4896 trssrmo,
876 4811 1011 4905 subito,
1030 4814 1137 4890 eheu!
1158 4825 1278 4916 erepta
1290 4817 1359 4894 fuit
1374 4819 1517 4920 conjux,
1536 4829 1693 4898 matrona
1712 4821 1943 4916 nobilissima,
1961 4823 2019 4900 eui
2032 4821 2125 4897 tristi
2138 4821 2206 4898 fato
