4874 6182
824 660 1105 730 ORATIO.
1656 664 1718 731 lli

254 867 305 942 Ut
327 867 371 944 de
394 867 541 968 singulis
565 865 763 958 videamus,
779 870 898 969 prim
921 870 1104 968 acquam
1130 866 1294 946 Hnusnn
1321 866 1413 943 dcto
1435 867 1601 968 insignita
1623 875 1715 942 aratz

208 987 368 1076 alente,
403 1011 423 1061 o
455 987 562 1062 boae!
594 988 724 1086 inquit,
748 989 986 1084 festinandum
1019 995 1072 1063 eat
1103 987 1720 1063 abu”ast.-1nduuriasane

205 1103 411 1180 amabatur
440 1104 525 1180 bueo
558 1103 725 1194 diatriba,
760 1105 984 1205 studiumque
1015 1105 1205 1205 prodebat,
1236 1130 1326 1204 quaa
1352 1105 1398 1181 ad
1422 1105 1574 1182 locorum
1601 1107 1722 1182 Jacobs

114 1313 119 1322 ¹
206 1222 471 1323 intelligentium
495 1221 716 1322 aperiendam
734 1225 905 1323 pertinere
928 1224 1076 1324 putabat
1099 1231 1239 1312 auctor,
1262 1248 1334 1299 non
1359 1232 1488 1301 temere
1510 1223 1721 1326 negligendi.

206 1339 339 1416 Verum
366 1341 418 1416 sic
447 1340 614 1430 eliorum,
646 1342 958 1418 nocentissimorum
988 1342 1159 1443 imprimis
1195 1344 1516 1432 Grammaticorum,
1542 1344 1653 1432 dicta,
1677 1366 1722 1416 ne

184 1447 226 1534 ⁸c
253 1461 467 1536 θενιηακίοἰε
505 1459 648 1559 quidem
671 1461 799 1538 umas
828 1487 1009 1552 conversa,
1032 1460 1188 1562 reponit,
1211 1466 1253 1535 ut
1275 1459 1339 1536 hos
1361 1459 1478 1561 potius
1498 1461 1723 1560 compildsse,

207 1602 314 1678 quam
351 1603 414 1654 suo
445 1579 561 1654 Marte
596 1579 842 1678 interpretetus
876 1607 953 1658 essa
992 1580 1160 1656 dicendus
1196 1579 1252 1655 sit.
1310 1579 1355 1653 In
1388 1577 1574 1654 aesthetioo
1607 1587 1724 1654 autem

207 1697 384 1798 Epistulae
418 1698 462 1773 da
494 1700 695 1798 imaginibus
720 1699 873 1800 judicio,
902 1701 933 1776 si
958 1725 1028 1776 non
1049 1698 1191 1775 omnino
1211 1697 1308 1774 nulla
1333 1697 1444 1772 bonae
1464 1696 1575 1797 frugis
1594 1697 1726 1772 monita

209 1816 415 1907 traduntur,
454 1824 491 1893 at
531 1819 667 1918 saepius
706 1845 784 1896 acer
822 1820 933 1920 pulcri
969 1845 1092 1896 sensus
1125 1819 1349 1894 desideratur.
1412 1817 1531 1916 Atque
1568 1815 1726 1892 universe

208 1933 392 2010 laudabilis
421 1935 593 2012 industria
621 1937 651 2011 si
684 1939 846 2014 comitem
874 1937 1053 2014 habuisset
1074 1937 1198 2038 judicii
1226 1936 1409 2012 sanitatem
1433 1943 1539 2034 atque
1560 1959 1729 2040 acumen,

209 2052 347 2128 meliore
372 2077 532 2131 successu
556 2055 602 2130 ad
625 2057 819 2155 praemium
841 2057 1072 2133 obtinendum
1095 2057 1270 2158 adspirare
1294 2055 1465 2154 potuisset
1488 2061 1618 2132 auctor.
1674 2091 1686 2114 ·

258 2173 424 2263 Primae,
461 2175 505 2249 de
547 2178 616 2274 qut
653 2175 824 2266 diximus,
864 2175 1166 2264 commentationi,
1205 2175 1457 2274 Theologorum
1495 2174 1539 2249 de
1574 2174 1728 2274 Judioi0,

210 2293 312 2389 longe
346 2290 519 2366 antecellit
548 2293 682 2380 altero,
717 2315 824 2390 quam
852 2294 1029 2369 Bornsvu
1054 2295 1188 2370 dictum
1212 2292 1464 2393 distinguebat:
1500 2294 1624 2368 ultien
1643 2295 1730 2368 c’cst

211 2409 296 2483 deca
328 2433 392 2508 que
431 2411 464 2484 le
499 2410 599 2484 vrai''
634 2415 699 2485 eto.
762 2409 822 2484 Ad
854 2409 1044 2485 industriae
1079 2410 1174 2485 enim
1209 2409 1370 2500 leudem,
1407 2435 1514 2510 quam
1546 2434 1629 2486 oum
1662 2411 1733 2484 illd

211 2550 431 2603 communem
454 2528 627 2618 habebat,
651 2528 718 2604 alia
739 2528 832 2604 bona
852 2529 1022 2606 accedunt
1047 2554 1088 2606 ao
1114 2529 1259 2604 virtutes
1283 2527 1426 2604 minima
1446 2529 1727 2605 contemnendae.

210 2647 304 2722 Nam
329 2639 455 2722 criticis
477 2655 585 2746 atque
610 2646 794 2746 exegeticis
815 2647 853 2721 in
879 2647 1179 2746 disquisitionibus
1199 2647 1392 2723 accuratius
1414 2655 1569 2724 versatus
1592 2656 1730 2736 auctor,

212 2772 317 2862 atque
340 2766 385 2840 iis
408 2765 529 2854 edam,
554 2789 643 2863 quae
665 2765 770 2864 vulgo
791 2766 1042 2866 negliguntur,¹
1056 2767 1095 2842 in
1119 2790 1224 2842 usum
1246 2766 1417 2842 conversis
1439 2768 1523 2842 artis
1544 2766 1726 2856 subsidiis,

213 2882 380 2959 subtilem
417 2884 644 2982 doctumque,
681 2891 722 2980 ut
750 2883 909 2983 juvenis,
949 2910 1024 2962 sese
1058 2887 1271 2962 demonstrat
1304 2886 1485 2962 Sacrorum
1521 2885 1733 2962 Litterarum

212 3004 446 3103 interpretem.
480 3003 719 3102 Neque'enim
738 3001 885 3078 aliorum
902 2995 1094 3103 injudioiis
1113 3003 1300 3080 referendis
1322 3005 1563 3102 acquiescens,
1589 3005 1731 3080 solerter

213 3131 254 3198 ut
283 3122 475 3223 plurimum
500 3129 607 3220 atqua
635 3129 735 3197 acute
765 3145 825 3196 eas
849 3123 1069 3198 commendat
1093 3122 1287 3221 probatque
1309 3121 1463 3197 locorum
1480 3123 1733 3222 interpretatio·

213 3265 299 3330 nas,
324 3265 414 3340 quae
439 3239 727 3316 Hermeueutiocs
756 3239 794 3314 in
819 3240 1009 3340 praeceptis
1031 3239 1237 3341 legibusque
1258 3247 1393 3316 certum
1415 3241 1546 3316 habent
1570 3248 1632 3316 aut
1652 3265 1732 3341 pro·

214 3359 332 3436 babilo
351 3359 573 3459 praesidium.
623 3359 727 3434 Unde
751 3383 830 3460 spes
853 3368 906 3434 est
929 3359 1002 3436 fore
1022 3368 1082 3451 ut,
1108 3360 1138 3436 si
1163 3360 1305 3450 eodem,
1330 3386 1436 3460 quem
1459 3361 1636 3460 ingressus
1659 3367 1734 3448 est,

164 3501 166 3510 ’
216 3477 412 3554 studiorum
445 3479 583 3552 uomitu
617 3485 814 3554 constanter
846 3480 1053 3578 perrexerit,
1088 3480 1164 3579 ejus
1196 3505 1238 3554 ex
1273 3482 1376 3580 opert
1408 3480 1518 3554 bonos
1547 3481 1734 3578 aliquando

216 3587 350 3674 fructus
385 3619 480 3674 sacra
517 3599 630 3697 capiet
664 3598 839 3698 Exegcsis.
900 3599 982 3676 Quo
1012 3599 1125 3698 magis
1149 3597 1307 3698 ejusdem
1333 3597 1446 3674 laudis
1470 3597 1733 3674 insacietatem

217 3703 440 3816 nequaquam
465 3717 605 3792 admitti
624 3741 725 3816 posse
748 3717 937 3792 dolendum
955 3725 1023 3806 est,
1048 3743 1135 3816 quas
1158 3717 1400 3818 adimpleam
1422 3716 1544 3792 Jacobi
1558 3708 1733 3817 ¹conquam·

219 3842 407 3937 tionemque
428 3836 698 3936 pudoritudinem
718 3836 957 3936 explicandam
975 3836 1113 3925 attulit,
1135 3835 1463 3926 animadversiones,
1490 3843 1526 3911 et
1544 3860 1623 3911 vero
1640 3843 1732 3912 recte

219 3957 391 4030 dictorum
414 3955 553 4031 laudem
577 3954 864 4055 frequentissimis
885 3955 1061 4030 obseruari
1083 3954 1281 4032 Latinitatis
1306 3956 1398 4031 vitiis
1421 3955 1659 4054 sordibusque.

194 4065 201 4071 ’
267 4075 378 4150 Sicuti
398 4097 476 4149 varo
490 4078 628 4173 mosae
656 4075 820 4163 alterurn,
844 4074 894 4149 ita
916 4074 1053 4173 utrique
1077 4078 1214 4150 tertiam
1236 4075 1495 4174 praeferendam
1521 4099 1596 4150 asse
1622 4073 1732 4150 Theo·

219 4194 290 4293 logi
322 4201 531 4271 censuerunt
562 4191 849 4292 disputationem,
892 4217 981 4291 quae
1011 4199 1177 4268 tesseram
1212 4191 1363 4268 habebat
1402 4191 1536 4266 Jacoar
1575 4190 1727 4266 dictum:

221 4313 260 4388 εἰ
274 4322 399 4390 ταῦτα
422 4311 553 4390 cidara
571 4337 609 4392 κ.
625 4341 661 4392 τ.
676 4312 709 4390 λ.
760 4311 901 4410 Quippe
923 4333 1012 4410 qnae
1033 4310 1222 4410 disputatio
1242 4311 1337 4386 nullo
1356 4309 1454 4385 facile
1474 4309 1586 4384 laudis
1606 4333 1731 4408 genere

222 4430 394 4530 prioribus
417 4431 495 4506 ullis
526 4430 665 4506 inferior
698 4453 772 4504 esse
804 4428 1032 4528 judicaretur,
1065 4437 1101 4504 et
1121 4432 1192 4506 auis
1212 4428 1446 4504 commendari
1470 4428 1603 4526 sibique
1624 4428 1732 4527 privis

222 4550 450 4648 praestantiae
474 4550 625 4626 dotibus.
676 4548 842 4623 Universa
874 4548 965 4624 euim
994 4548 1195 4624 concinnius
1220 4557 1325 4646 atque
1352 4547 1543 4648 elegantius
1568 4547 1733 4646 disposite

222 4677 365 4768 apparet
392 4679 428 4744 et
456 4671 622 4746 ordinata.
655 4669 747 4745 'Nec
777 4693 916 4770 parvam
944 4669 1183 4745 aLatinitatis
1207 4667 1377 4767 probitate
1402 4667 1734 4746 commendationem

224 4786 340 4863 habet.
401 4789 492 4864 Tum
533 4791 569 4864 in
605 4791 770 4879 locorum,
813 4813 960 4888 quorum
998 4789 1094 4865 crisis
1128 4789 1366 4888 requirebatur
1402 4797 1507 4889 atque
1546 4787 1734 4878 enarratio,
