4986 6200
759 674 803 740 48
1336 667 1375 735 G.
1410 669 1439 734 J.
1473 667 1694 738 vnnnnn

766 877 939 950 fructusve
978 875 1197 974 colligentes,
1236 895 1306 946 non
1340 871 1632 972 retrospicientes,
1665 871 1773 944 immo
1806 870 1864 943 vix
1900 870 2123 968 quiescentes.
2179 869 2270 960 Alli,

762 1019 851 1070 nova
890 992 1020 1091 ubique
1056 997 1279 1092 quaerentes,
1318 1000 1354 1066 et
1389 993 1464 1067 loca
1497 992 1617 1067 latiora
1658 990 1818 1088 detegere
1850 989 2048 1088 cupientes,
2073 988 2273 1064 festinanter

760 1070 944 1215 properlnt
985 1139 1025 1188 ae
1052 1111 1294 1216 impatienter,
1324 1135 1528 1210 semperque
1561 1108 1847 1210 progrediuntur,
1871 1116 1912 1182 ut
1934 1109 2075 1184 tandem
2099 1107 2273 1183 inveniant
2308 1171 2314 1188 .

643 1281 656 1298 ·
763 1235 990 1331 videantque,
1024 1231 1109 1330 quid
1138 1231 1229 1304 ultra
1261 1229 1407 1318 limites,
1438 1231 1567 1328 quibus
1595 1236 1710 1303 totum
1735 1226 1885 1325 spatium
1904 1225 2201 1326 circumscriptum
2226 1226 2272 1298 vi·

762 1353 883 1440 detur,
916 1356 1080 1448 appareat
1114 1348 1265 1422 oculisve
1297 1347 1488 1448 objiciatur.
1538 1348 1653 1447 Igitur
1675 1371 1850 1445 nusquam
1873 1347 2085 1434 consistunt,
2111 1346 2175 1420 ubi
2194 1345 2273 1420 elio·

761 1495 841 1546 rum
875 1494 964 1568 opus
994 1467 1152 1542 relietum
1183 1465 1313 1542 utiliter
1344 1466 1516 1565 suscipere
1547 1471 1689 1565 possent
1717 1489 1757 1538 ac
1782 1471 1974 1548 retractare.
2024 1465 2157 1553 Immo,
2182 1463 2274 1562 qnod

761 1587 933 1686 praeclare
967 1586 1097 1662 lactum
1129 1585 1402 1684 praestitumque
1430 1584 1475 1658 sit
1500 1609 1521 1658 a
1542 1583 1679 1672 multis,
1704 1583 1766 1681 qui
1789 1590 2062 1676 antecesserunt,
2088 1582 2145 1656 vix
2166 1582 2273 1657 anim-

760 1707 967 1794 advertunt,
1006 1712 1068 1779 aut
1104 1729 1308 1802 cognoscere
1345 1729 1451 1803 prope
1490 1703 1694 1803 negligunt,
1732 1702 1919 1778 celerantes
1961 1701 2203 1776 tantummodo
2237 1707 2276 1773 nt

763 1823 939 1912 omnium,
965 1823 1026 1921 qui
1048 1823 1094 1898 ad
1115 1823 1260 1898 eandem
1282 1829 1410 1897 metam
1434 1823 1668 1910 contendunt,
1692 1820 1821 1920 priores
1840 1821 1928 1895 hana
1950 1821 2062 1920 ipsam
2085 1820 2276 1919 adtingant.

760 1945 811 2018 At
834 1942 893 2017 alii
916 1942 1022 2016 etiam
1044 1948 1147 2029 sunt,
1182 1941 1291 2014 deviis
1317 1941 1528 2039 remotisque
1549 1941 1586 2015 in
1609 1940 1691 2015 locis
1717 1940 1779 2038 qni
1805 1947 2001 2028 versantur,
2027 1941 2072 2013 de
2091 1940 2184 2014 hisee
2206 1962 2279 2012 non

761 2063 964 2149 discedunt,
1000 2060 1133 2158 totique
1169 2060 1206 2132 in
1241 2083 1277 2132 se
1317 2061 1454 2137 retracti
1491 2059 1674 2158 diligenter
1708 2067 1987 2156 perscrutantur,
2022 2084 2109 2134 nova
2139 2058 2278 2133 silorte

762 2181 877 2257 adsint
906 2189 967 2255 aut
989 2180 1103 2254 adhuc
1126 2178 1347 2267 abscondita,
1371 2202 1484 2277 neque
1507 2179 1681 2276 explorare
1702 2185 1737 2250 et
1760 2186 1889 2251 vertere
1912 2186 1948 2252 et
1968 2202 2079 2276 usque
2099 2186 2277 2276 penetrare

764 2301 949 2388 desinunt,
975 2301 1103 2388 donec,
1129 2298 1224 2396 quod
1242 2297 1401 2397 detegere
1424 2297 1626 2396 cupiebant,
1652 2297 1853 2394 reperierint
1860 2331 1870 2384 3
1890 2339 1939 2356 -
1961 2305 2038 2370 tnm
2058 2322 2157 2384 vero,
2182 2297 2281 2396 quasi

742 2420 807 2496 ,ad
842 2445 879 2493 sa
916 2418 1087 2506 revocati,
1123 2415 1425 2514 cnoumspiciunt,
1459 2416 1568 2491 alium
1600 2415 1715 2489 locum
1752 2423 1975 2513 quaerentem
2008 2416 2103 2490 haud
2136 2421 2213 2490 raro
2245 2440 2281 2490 se

765 2538 950 2637 colligendi
980 2540 1105 2630 coust,
1138 2544 1179 2610 ut
1207 2525 1323 2608 rerum
1356 2536 1507 2610 novitate
1530 2535 1664 2608 animos
1686 2535 1878 2610 distrahant
1901 2543 1936 2607 et
1961 2534 2049 2609 vires
2071 2541 2280 2623 restaurent,

762 2658 960 2756 iterumque
994 2657 1030 2729 in
1058 2655 1242 2755 pristinam
1268 2655 1450 2730 stationem
1476 2655 1623 2743 reversi,
1648 2654 1813 2754 indagata
1841 2654 1955 2728 denuo
1983 2655 2280 2754 contemplentur,

721 2829 729 2874 ι,
763 2776 986 2875 penitiusque
1010 2773 1228 2873 perspiciant.
2296 2755 2301 2765 ⁵

713 2937 716 2944 ι
810 2895 867 2966 Sic
898 2894 1041 2989 quidem
1073 2893 1231 2966 omnium
1262 2917 1451 2980 concursu,
1475 2893 1610 2980 labore,
1635 2914 1698 2963 nec
1727 2877 1923 2964 intermisso
1949 2892 2147 2991 conamine,
2172 2889 2282 2964 totius

763 3009 876 3106 campi
908 3009 1035 3080 limites
1072 3009 1108 3079 in
1139 3007 1213 3078 dies
1234 3007 1455 3094 dilatantur,
1492 3014 1528 3079 et
1562 3007 1695 3079 fruetus
1727 3006 1861 3102 ingenti
1891 3007 1988 3102 copit
2019 3015 2281 3094 coacervantur,

765 3136 801 3201 et
824 3126 945 3204 crescit
971 3123 1101 3221 pariter
1122 3147 1161 3196 ac
1186 3122 1448 3218 incredibiliter,
1471 3122 1517 3196 ad
1537 3147 1625 3197 nova
1648 3121 1832 3196 excolenda
1856 3123 2024 3220 pluraque
2049 3123 2285 3221 exploranda,

763 3241 1018 3341 praesidiorum
1058 3240 1407 3340 adjumentorumque
1444 3265 1626 3330 numerus,
1665 3239 1750 3338 quin
1786 3241 1891 3315 etiam
1925 3240 2102 3316 abundare
2139 3243 2279 3331 omnia,

767 3359 887 3434 deesse
912 3385 951 3433 ac
975 3359 1143 3458 postulari
1165 3357 1261 3432 nulla
1284 3359 1475 3436 videantur.

812 3478 944 3554 Verum
979 3479 1171 3567 enimvero,
1209 3479 1504 3574 quemadmodum
1535 3479 1572 3552 in
1603 3479 1672 3552 vitl
1706 3480 1888 3554 communi
1919 3479 2119 3578 paucissimi
2150 3479 2278 3555 civium

765 3598 908 3673 utilitati
944 3599 1067 3672 servire
1101 3597 1340 3694 societatisque
1372 3599 1475 3673 saluti
1513 3597 1688 3672 consulere
1726 3597 1889 3686 student,
1923 3607 1968 3671 et»
1988 3599 2053 3672 hoc
2082 3597 2199 3696 ipsum
2232 3599 2277 3673 ad

674 3761 676 3766 ·
766 3715 967 3816 gravissima
998 3716 1187 3791 officiomm
1218 3724 1393 3791 momenta
1428 3718 1556 3792 sineere
1583 3715 1756 3804 referunt,
1779 3759 1829 3776 --
1853 3715 1994 3814 plurimi
2022 3723 2158 3804 antem,
2184 3741 2276 3790 emo·

765 3834 913 3909 lumenti
945 3835 1000 3909 vel
1030 3834 1116 3908 lucri
1137 3844 1198 3909 aut
1225 3836 1338 3910 laudis
1361 3837 1557 3936 gloriaeque
1576 3833 1784 3922 avidissimi,
1808 3842 1861 3908 tot
1881 3841 2046 3932 tantaque
2071 3835 2274 3934 perficiunt,

765 3953 894 4050 quibus
926 3961 1099 4053 praestare
1132 3955 1218 4030 adeo
1249 3955 1466 4054 maximeque
1495 3953 1657 4028 excellere
1690 3953 1865 4040 videntur,
1890 3995 1939 4008 —
1970 3953 2019 4026 sic
2051 3955 2176 4042 etiam,
2212 3977 2275 4029 nec

765 4071 881 4159 aliter,
914 4072 951 4145 in
977 4073 1056 4162 illa,
1090 4098 1195 4172 qnam
1218 4075 1402 4172 fingimus,
1428 4073 1685 4171 disciplinarum
1711 4073 1858 4148 civitate.
1910 4073 2000 4146 Sunt
2020 4095 2171 4170 namque
2194 4072 2274 4158 viri,

764 4189 910 4264 candore
948 4199 982 4265 et
1012 4182 1209 4291 integritate
1245 4193 1441 4291 conspicui,
1480 4191 1608 4291 quibus
1641 4191 1706 4266 hoe
1737 4191 1838 4266 unice
1870 4216 1971 4298 curae
2005 4199 2057 4264 est
2092 4191 2274 4290 cordique,

765 4316 805 4382 ut
837 4309 1034 4408 disciplinas
1063 4311 1177 4385 colant
1208 4319 1347 4411 propter
1380 4311 1492 4410 ipsas,
1530 4336 1677 4409 veroque
1715 4313 1821 4388 studii
1856 4319 1892 4386 et
1928 4307 2132 4410 cognitionis
2161 4336 2275 4387 amore

765 4429 862 4504 ducti
888 4437 934 4514 et=
953 4431 1105 4520 incitati,
1130 4432 1167 4505 in
1191 4455 1231 4506 eo
1257 4432 1458 4532 praesertim
1476 4431 1669 4518 elaborent,
1695 4439 1735 4504 ut
1755 4439 1873 4504 nostra
1894 4455 2010 4506 rerum
2033 4431 2184 4530 cognitio
2206 4455 2274 4506 non

606 4613 614 4631 ,
720 4541 722 4546 ¹
763 4549 868 4624 modo
898 4550 960 4623 fiat
993 4551 1136 4650 amplior
1170 4551 1357 4648 latiorque,
1396 4575 1515 4625 verum
1546 4551 1650 4624 etiam
1680 4549 1860 4649 perfectior
1886 4557 1922 4623 et
1948 4550 2107 4624 scientiae
2137 4547 2274 4624 nomine

768 4667 913 4766 dignior.
964 4668 1013 4742 At
1034 4669 1180 4745 aliorum
1198 4694 1326 4768 magna
1347 4669 1517 4744 industria
1538 4693 1557 4742 e
1577 4667 1671 4742 fonte
1693 4667 1808 4742 minus
1828 4693 1915 4768 puro
1937 4693 2096 4744 emanare
2119 4676 2273 4768 apparet,

769 4786 798 4858 si
819 4786 984 4884 quidem,
1009 4787 1307 4887 quemadmodum
1327 4789 1515 4889 cupiditate
1536 4787 1711 4885 animique
1728 4788 1984 4887 perturbatione
2005 4789 2042 4865 in
2062 4789 2151 4865 vitae
2171 4787 2274 4864 rebus
