4874 6182
696 663 760 730 104
1255 621 1287 726 s.
1322 659 1356 725 c.
1391 655 1644 724 nonanus

745 869 842 948 Quid
871 869 974 940 vero?
1036 865 1130 936 Num
1165 863 1246 962 jure.
1272 864 1360 938 dixit
1389 864 1471 938 olim
1506 866 1633 952 Poeta,
1672 863 1814 938 stultam
1832 853 1913 938 'esse
1937 864 2103 963 gloriam,
2136 861 2205 941 nisi

697 987 781 1061 utile
815 987 879 1074 sit,
918 985 1011 1084 quod
1046 983 1217 1058 facimus?
1276 985 1402 1059 Nonne
1436 1009 1517 1083 ergo
1549 984 1670 1058 inanes
1704 991 1846 1058 cunctae
1882 983 2098 1082 disciplinae,
2139 986 2206 1058 nisi

695 1106 880 1196 utilitatem
902 1105 1072 1179 afferant?

744 1225 817 1302 Qui
859 1225 908 1298 ita
950 1224 1120 1322 loquitur,
1157 1246 1226 1296 non
1259 1223 1473 1322 perspexisse
1509 1247 1545 1296 se
1580 1221 1728 1311 letetur,
1764 1230 1974 1321 quantopere
2008 1230 2205 1322 perspectae

692 1351 835 1418 naturae
866 1345 959 1443 leges
991 1349 1144 1416 mentem
1180 1341 1364 1428 extollant,
1399 1348 1639 1439 quantumque
1668 1341 1844 1418 conferant
1871 1342 1916 1416 ad
1942 1341 2120 1416 vinculum
2143 1342 2204 1416 ho·

692 1463 822 1536 minem
855 1464 946 1536 inter
979 1469 1015 1534 et
1052 1459 1208 1533 divinum
1240 1468 1425 1535 creatorem
1454 1460 1711 1534 declarandum.
1763 1460 1832 1534 Sed
1858 1459 2034 1559 objicienti
2062 1461 2124 1534 hoc
2149 1485 2202 1534 re·

692 1585 859 1682 spondere
895 1583 1004 1668 malo,
1047 1605 1087 1655 eo
1124 1579 1288 1678 majorem
1330 1581 1471 1654 demum
1509 1581 1580 1654 fore
1619 1579 1821 1667 utilitatem,
1861 1580 2046 1679 quominus
2081 1579 2123 1652 de
2162 1597 2202 1653 ec

692 1703 921 1802 comparanda
947 1701 1083 1776 solliciti
1109 1699 1286 1774 fuerimus.
1337 1699 1517 1798 Praecedit
1545 1699 1702 1786 scientia;
1734 1698 1890 1796 sequitur
1910 1699 2066 1786 utilitas,
2097 1697 2203 1772 scicn-

690 1823 758 1896 tiae
783 1822 916 1896 umbra.
967 1817 1041 1898 Qui
1072 1819 1153 1893 huic
1182 1819 1345 1894 inservire
1380 1820 1515 1910 studet,
1548 1846 1624 1895 raro
1652 1820 1703 1894 illi
1728 1819 1896 1907 consulit,
1929 1827 1965 1894 et
1995 1820 2092 1894 nulla
2118 1820 2202 1894 foret

691 1941 842 2029 utilitas,
867 1940 935 2014 nisi
956 1939 1120 2013 scientiae
1142 1939 1202 2012 lux
1223 1938 1462 2038 praefulgeret.
1513 1939 1612 2014 Haec
1637 1949 1753 2014 autem
1780 1939 1930 2037 physicis
1955 1939 2103 2012 debetur
2123 1939 2201 2028 lux,

692 2083 761 2132 nou
785 2059 945 2132 utilitatis
971 2057 1086 2130 studio
1108 2056 1169 2129 sed
1192 2057 1262 2130 veri
1288 2083 1402 2132 amore
1429 2058 1542 2132 ductis
1548 2092 1557 2146 ;
1584 2083 1696 2156 eaque
1718 2067 1790 2131 tam
1814 2058 1902 2131 clare
1926 2057 2038 2156 fulget
2063 2067 2203 2156 tamque

689 2180 788 2253 utilia
828 2179 961 2278 peperit
996 2176 1192 2263 commoda,
1233 2177 1314 2274 quia
1350 2175 1528 2251 scientiam
1562 2177 1673 2276 ipsam
1711 2177 1823 2250 solum
1861 2175 2059 2252 habuerunt
2098 2179 2202 2254 finem

690 2323 760 2395 quo
786 2297 977 2371 tenderent.
1028 2295 1130 2368 Hanc
1155 2295 1272 2392 itaque
1293 2295 1405 2369 lucem
1429 2296 1567 2370 assidue
1598 2321 1724 2396 augere
1754 2297 1910 2395 germani
1935 2308 2079 2372 naturae
2111 2325 2200 2374 scru-

689 2417 809 2490 tatoris
843 2417 990 2490 0fficium
1024 2425 1094 2504 est,
1128 2439 1237 2514 eaque
1260 2417 1485 2504 clarescente,
1516 2418 1632 2506 utilia,
1658 2441 1747 2516 quae
1769 2416 1851 2490 iude
1874 2425 2081 2514 sequantur,
2106 2419 2202 2494 facile

690 2537 726 2609 in
756 2538 872 2610 oeulos
906 2537 1090 2610 incurrent.
1142 2536 1214 2613 Qui
1236 2543 1353 2609 autem
1377 2535 1538 2610 scientiae
1560 2537 1678 2610 lumen
1705 2535 1862 2610 utilitatis
1888 2537 1999 2634 gratia
2019 2538 2203 2628 adhibent,

561 2720 565 2732 .
689 2657 808 2729 lumen
840 2681 910 2730 non
945 2661 1075 2754 augent
1102 2679 1215 2752 neque
1247 2680 1287 2728 eo
1312 2655 1472 2754 augendo
1495 2655 1635 2730 meliora
1659 2661 1694 2729 et
1716 2653 1854 2728 utiliora
1882 2665 2090 2754 praeparant.
2139 2659 2200 2730 Ad

685 2774 818 2849 nullam
851 2799 929 2848 vero
957 2799 1113 2872 unquam
1149 2773 1344 2848 interiorem
1376 2775 1691 2873 phaenomenorum
1715 2783 1750 2848 et
1771 2773 1889 2874 legum
1913 2781 2053 2850 naturae
2075 2775 2201 2850 intelli·

685 2895 839 2992 gentiam
863 2894 982 2968 sedula
1007 2894 1108 2968 duxit
1129 2894 1369 2994 investigatio,
1395 2895 1480 2994 quin
1507 2896 1616 2970 serius
1642 2895 1737 2970 ocius
1757 2895 1938 2970 commoda
1960 2919 2023 2970 nee
2045 2897 2202 2994 quaesita

685 3037 749 3087 nec
784 3020 981 3111 exspectata
1021 3013 1102 3086 inde
1141 3014 1327 3110 aliquando
1368 3015 1579 3090 emerserint.
1642 3016 1775 3090 Idcirco
1813 3015 1857 3090 ab
1890 3015 2048 3090 utilitatis
2089 3018 2203 3091 studio

688 3131 945 3229 disciplinarum
963 3130 1182 3227 physicarum
1208 3132 1336 3204 summi
1360 3133 1506 3207 cultores
1532 3134 1649 3206 oculos
1673 3141 1823 3209 avertere
1855 3135 1986 3223 solent,
2011 3161 2074 3210 nec
2100 3137 2198 3234 quid·

688 3273 794 3347 quam
824 3247 934 3346 ipsius
965 3247 1125 3321 scientiae
1159 3248 1394 3346 progressione
1433 3247 1610 3348 antiquius
1647 3249 1787 3326 habent.
1845 3254 1901 3326 Et.
1918 3256 2005 3352 jure.
2065 3256 2194 3332 Quem·

690 3366 879 3442 admodum
909 3365 1001 3440 enim
1024 3391 1114 3454 sors,
1148 3367 1267 3442 addita
1295 3393 1416 3458 usura,
1441 3371 1578 3445 assidue
1607 3378 1755 3470 augetur
1785 3395 1894 3469 eoque
1926 3372 2100 3448 uberiores
2135 3399 2198 3449 suo

689 3496 843 3586 tempore
868 3485 1000 3560 fructus
1022 3487 1155 3576 reddit,
1182 3487 1230 3562 sic
1252 3487 1381 3587 majora
1402 3491 1632 3564 emolumenta
1656 3490 1837 3589 pollicetur
1861 3492 2019 3582 scientia,
2041 3495 2071 3568 si
2091 3495 2200 3594 ipsius

688 3608 835 3680 cultores
858 3630 978 3703 parum
1000 3606 1135 3680 solliciti
1154 3607 1196 3680 de
1221 3632 1326 3682 usura
1343 3607 1379 3682 in
1398 3633 1501 3684 usum
1522 3609 1704 3700 vertenda,
1719 3619 1844 3686 sortem
1865 3611 1994 3711 ipsam,
2021 3613 2205 3698 scientiam

689 3726 785 3812 dico,
820 3749 908 3820 quae
940 3725 1072 3798 stabilis
1104 3733 1156 3800 est
1187 3733 1222 3799 et
1245 3727 1457 3826 temporibus
1485 3729 1538 3804 vel
1559 3730 1708 3804 maxime
1735 3731 1874 3806 remotis
1898 3731 2090 3822 salutifere,
2114 3729 2192 3808 conl

688 3845 838 3917 tinenter
863 3867 989 3940 augere
1014 3844 1185 3920 studeant.
1903 3913 1908 3926 .

740 3961 819 4034 Hoc
858 3985 1033 4034 summum
1066 3962 1124 4060 jus
1157 3965 1314 4040 interdici
1351 3967 1471 4064 nequit
1507 3967 1763 4066 disciplinarum
1794 3997 1883 4070 quae
1913 3973 1959 4047 ad
1991 3975 2197 4049 medicinam

590 4165 594 4174 ι
691 4080 865 4178 pertinent
900 4080 1107 4170 cultoribus,
1140 4095 1175 4156 et
1204 4109 1419 4183 summopere
1442 4087 1528 4162 adeo
1549 4088 1713 4163 laudandi
1736 4099 1838 4179 sunt,
1864 4093 1925 4190 qui
1953 4094 2058 4168 solam
2089 4095 2195 4169 scien·

690 4199 775 4272 tiam
801 4198 972 4272 medicem
1003 4223 1208 4304 quacunque
1240 4227 1281 4276 ex
1310 4212 1406 4302 parte
1427 4229 1624 4302 promovere
1649 4210 1821 4287 studeant.
1872 4214 1977 4291 Quod
2002 4223 2114 4288 tamen
2136 4214 2195 4312 jus

691 4343 711 4390 a
739 4317 827 4391 bene
855 4318 975 4392 multis
1004 4320 1162 4417 practicis
1190 4322 1288 4421 quasi
1311 4323 1545 4402 labefactatur.
1599 4329 1768 4418 rQuid,''
1794 4331 1842 4406 sic
1866 4357 1923 4408 eos
1942 4333 2111 4432 jactantes
2134 4359 2195 4408 au·

690 4437 821 4526 dimus,
858 4468 876 4508 r
885 4463 1028 4538 praxeos
1058 4441 1210 4516 medicae
1237 4443 1401 4532 interest,
1434 4445 1587 4542 quotidie
1618 4449 1737 4547 augeri
1764 4452 1890 4526 molem
1917 4452 2194 4528 observationum

555 4613 559 4622 .
693 4558 764 4633 raab
785 4560 1003 4648 anatomicis,
1029 4561 1294 4661 aphysiologis,
1311 4589 1332 4638 a
1351 4563 1512 4639 chemicis
1532 4565 1795 4644 institutarum?
1826 4572 1947 4647 Inania
1969 4579 2050 4646 sunt
2071 4573 2194 4664 horum

691 4707 710 4745 n
721 4678 835 4800 studia
859 4686 895 4752 et
915 4679 1104 4769 industria,
1129 4683 1257 4782 quippe
1278 4684 1338 4782 qui
1357 4685 1536 4774 nesciunt,
1562 4687 1689 4786 quibus
1710 4714 1774 4764 nos
1794 4692 1934 4790 practici
1960 4692 2195 4791 indigeamus,

691 4804 754 4870 ret
788 4823 927 4896 prorsus
960 4799 1095 4876 inutilia
1132 4813 1303 4900 quaerunt
1337 4813 1373 4880 et
1408 4805 1541 4884 docent.
1603 4808 1770 4907 Quisquis
1808 4811 1896 4886 viros
1926 4811 2043 4886 doctos
2075 4811 2196 4898 audit,
