4874 6182
861 667 1137 740 0111110.
1680 665 1742 733 111

230 877 371 976 practici
390 875 564 963 laudator,
581 873 739 973 physicas
755 877 985 978 investigandi
1003 877 1183 951 methodos
1201 867 1364 976 negligit,
1383 875 1421 952 in
1438 871 1587 950 tenebris
1602 874 1741 973 palpare

232 1020 339 1093 quam
364 994 400 1068 in
425 996 502 1069 luce
526 1018 663 1068 cernere
686 995 788 1070 malle
812 996 957 1070 videtur.

278 1114 386 1212 Aegri
414 1114 487 1212 jam
525 1113 719 1186 conditione
757 1120 951 1214 perspecta,
984 1111 1106 1210 incipit
1141 1111 1282 1187 curatio.
1341 1115 1391 1188 Ut
1419 1116 1540 1214 quavis
1565 1115 1739 1189 curatione

129 1255 135 1266 ’
229 1257 285 1307 ars
318 1232 422 1306 etiam
454 1239 717 1328 promoveatur,
753 1233 1010 1332 disciplinarum
1040 1231 1167 1304 iterum
1193 1231 1320 1305 auxilia
1346 1234 1586 1330 requiruntur,
1611 1233 1740 1332 quibus

230 1350 394 1426 adhibitis
419 1356 528 1424 artem
549 1375 668 1424 rursus
692 1351 853 1425 scientiae
874 1349 1083 1450 copulaverit
1107 1349 1271 1423 medicus.
1323 1350 1538 1448 Comparatis
1563 1350 1740 1439 remediis,

227 1493 317 1566 quae
349 1469 478 1566 priores
512 1451 675 1544 adhibere
711 1469 886 1559 solebant,
923 1495 1004 1545 cum
1036 1471 1079 1544 iis
1114 1495 1133 1543 e
1170 1467 1298 1567 quibus
1335 1467 1460 1566 eligere
1495 1467 1739 1542 recentioribus

229 1587 421 1686 contingit,
457 1612 625 1687 magnum
660 1589 762 1662 datur
796 1589 989 1664 discrimen.
1053 1591 1151 1663 Inter
1181 1588 1240 1662 illa
1272 1587 1360 1660 bene
1398 1587 1509 1661 166116
1538 1596 1740 1674 occurrunt,

228 1731 376 1804 quorum
407 1707 653 1804 proprietates,
687 1709 910 1808 compositio,
947 1709 1077 1783 nedum
1108 1708 1159 1781 vis
1184 1731 1289 1805 quam
1319 1706 1356 1780 in
1383 1727 1506 1804 corpus
1540 1713 1740 1792 exerceant,

228 1835 425 1901 constantes
459 1852 534 1902 esse
567 1835 764 1926 nequeunt,
798 1828 848 1901 ita
882 1835 922 1900 nt
954 1827 1075 1902 eodem
1098 1825 1249 1900 remedio
1279 1824 1487 1924 praescripto
1508 1847 1624 1897 revera
1647 1822 1742 1897 idem

226 1945 459 2020 administrari
491 1945 696 2044 neutiquam
736 1955 878 2020 constet.
940 1948 1022 2024 Quo
1054 1947 1144 2020 facto
1183 1944 1345 2042 empiriae
1382 1967 1590 2042 magnopere
1627 1943 1742 2016 noceri

226 2065 340 2163 palam
371 2072 434 2139 est.
484 2065 705 2154 Pharmacia,
740 2067 851 2165 qualis
873 2075 990 2140 nostra
1013 2073 1125 2141 661616
1148 2065 1282 2139 chemia
1313 2064 1402 2138 16116
1429 2071 1559 2151 exstat,
1591 2063 1742 2136 remedia

228 2207 349 2282 parare
387 2192 422 2257 et
459 2171 659 2283 dignoscere
694 2185 830 2274 docuit,
865 2187 909 2260 de
943 2210 1091 2285 quorum
1126 2192 1304 2259 constante
1339 2182 1565 2257 similitudine
1594 2181 1740 2255 dubium

228 2303 356 2376 moveri
385 2303 517 2402 nequit
576 2304 674 2402 Haec
703 2305 805 2402 longe
837 2306 957 2379 ceteris
991 2305 1212 2404 praeferenda
1241 2329 1337 2392 6666,
1371 2326 1474 2376 nemo
1502 2301 1639 2398 estqui
1672 2323 1742 2374 non

228 2421 423 2520 perspiciat.
476 2422 699 2522 Quicumque
730 2431 846 2497 autem
877 2424 922 2498 ab
953 2424 1092 2499 incertis
1116 2431 1151 2498 et
1175 2423 1386 2522 complicatis
1411 2420 1578 2520 practices
1602 2419 1742 2493 omnino

226 2541 399 2615 abstinere
420 2549 538 2640 putet,
562 2543 593 2614 is
615 2543 713 2618 valde
736 2549 851 2617 errat.'
884 2544 1067 2618 Formulae
1090 2543 1276 2630 nimirum,
1302 2565 1450 2642 quarum
1477 2541 1593 2614 nescio
1623 2547 1743 2611 utrum

227 2661 341 2758 magis
375 2661 569 2758 improbem
600 2662 722 2736 miram
754 2662 1050 2760 complicationem
1074 2687 1117 2736 an
1148 2662 1328 2736 misturam
1356 2662 1602 2758 incongruam,
1628 2684 1649 2732 a
1673 2681 1743 2730 non

227 2778 346 2876 paucis
369 2788 526 2877 receptae
548 2781 683 2868 velent,
708 2781 787 2854 licet
813 2782 909 2855 omni
931 2781 1133 2856 auctoritate
1161 2781 1348 2855 destitutae
1375 2787 1411 2853 61
1438 2781 1541 2853 borae
1568 2783 1742 2851 momento

226 2921 271 2969 er
297 2897 438 2970 arbitrio
467 2907 578 2973 natae.
628 2899 671 2973 In
694 2899 804 2998 ipsius
826 2902 909 2974 artis
936 2901 1104 2976 damnum
1133 2901 1210 3000 agi,
1235 2901 1303 2974 nisi
1326 2900 1407 2974 talia
1430 2898 1570 2997 penitus
1598 2896 1742 2994 proscri-

228 3015 379 3103 bantur,
415 3017 636 3114 perspicuum
668 3025 730 3093 est.
783 3019 936 3117 Simplex
972 3021 1084 3108 enim,
1115 3027 1156 3092 ut
1184 3027 1237 3092 est
1265 3017 1335 3092 veri
1365 3018 1539 3116 sigillum,
1572 3015 1621 3090 ita
1646 3039 1743 3088 verae

115 3169 118 3180 6
226 3133 390 3230 empiriae
414 3133 566 3208 fulcrum
591 3127 777 3210 creditate!

279 3371 469 3469 Praecipua
503 3378 580 3444 tum
610 3371 689 3469 jura
721 3379 798 3447 tum
833 3379 957 3447 mutua
992 3375 1102 3449 officia
1133 3382 1169 3449 et
1207 3374 1368 3450 scientiae
1401 3380 1436 3447 et
1471 3373 1553 3447 artis
1589 3369 1742 3446 medicae
1844 3399 1848 3406 ·

228 3485 392 3574 breviter,
426 3489 558 3562 utinam
587 3514 632 3562 ne
661 3491 815 3590 longius,
849 3501 960 3566 vestro
987 3493 1137 3591 judicio,
1182 3494 1377 3592 disputasse
1404 3497 1479 3588 jam
1504 3489 1590 3564 mihi
1613 3487 1738 3561 videor.
1782 3549 1787 3558 .

231 3606 297 3680 Illa
314 3631 377 3704 pro
390 3609 487 3704 parte
505 3607 708 3683 labefactata
724 3617 785 3683 661
802 3611 952 3710 segniter
968 3611 1108 3686 defensa
1118 3670 1128 3701 ,
1140 3612 1223 3686 baec
1237 3635 1360 3710 parum
1377 3611 1470 3684 culta
1486 3609 1656 3696 vidimus,
1671 3631 1741 3705 quo
1757 3621 1760 3628 ’

229 3725 359 3799 factum
377 3733 417 3798 ut
430 3749 499 3798 non
513 3749 591 3800 raro
604 3727 840 3817 necessitudo,
857 3729 918 3802 nbi
928 3730 1023 3803 nulla
1034 3738 1103 3818 est,
1117 3732 1287 3828 quaesita,
1304 3729 1367 3804 ubi
1376 3729 1491 3817 adest,
1509 3728 1666 3826 neglecta
1684 3727 1738 3800 611.

278 3845 376 3922 Quid
399 3845 545 3933 mirum,
574 3846 659 3920 dum
680 3847 778 3922 floret
799 3848 968 3937 scientia,
984 3873 1158 3947 quae-sua
1171 3851 1251 3950 jura
1273 3858 1410 3938 tuetur,
1430 3849 1593 3947 languere
1614 3853 1739 3934 artem,

230 3987 318 4062 quae
357 3989 376 4038 6
416 3965 581 4052 66166116,
614 3966 780 4064 neglectis
817 3967 1036 4057 necessariis,
1078 3969 1184 4045 nimia
1217 3971 1353 4046 haurire
1385 3970 1553 4044 voluerit?
1611 3969 1739 4042 Nostro

231 4093 347 4158 autem
382 4093 535 4182 tempore
569 4108 610 4158 eo
641 4085 834 4183 pervenisse
858 4087 993 4160 videtur
1016 4087 1099 4162 artis
1132 4087 1286 4178 incuria,
1321 4096 1362 4162 ut
1387 4087 1644 4162 conversionem
1668 4083 1741 4183 jam

233 4227 338 4300 prope
365 4229 457 4292 6666,
488 4229 551 4302 pro
577 4227 692 4278 rerum
718 4211 862 4294 natura,
887 4207 1032 4282 ominari
1058 4207 1168 4282 liceat.

281 4322 403 4410 Viam,
430 4348 499 4421 qua
531 4347 586 4397 ars
612 4323 746 4398 medica
778 4325 935 4399 stabilius
967 4328 1141 4417 firmetur,
1175 4353 1237 4428 pro
1262 4328 1392 4401 viribus
1416 4325 1566 4400 indicare
1597 4329 1739 4397 conatus

236 4463 325 4514 snm.
376 4442 520 4517 Utinam
557 4443 729 4541 praeclara
761 4444 845 4520 haec
876 4470 953 4534 ars,
988 4447 1046 4545 jus
1077 4473 1180 4522 suum
1208 4447 1319 4545 magis
1348 4445 1525 4518 vindicans
1556 4450 1591 4515 et
1620 4440 1739 4516 officiis

234 4559 404 4658 iungens,
425 4561 521 4636 brevi
543 4587 583 4636 eo
604 4562 801 4660 perveniat,
820 4563 974 4637 ut'velut
996 4563 1137 4662 disjecta
1160 4563 1314 4638 membra
1329 4563 1363 4636 16
1385 4557 1737 4659 justamdisciplinae

234 4672 604 4778 formam'redigantur
626 4690 661 4754 et
693 4682 729 4755 in
763 4682 836 4755 dies
870 4683 980 4780 magis
1008 4683 1188 4784 magisque
1216 4683 1350 4759 muneri
1376 4705 1439 4756 suo
1467 4678 1668 4768 satisfaciat,
1692 4675 1738 4752 ad

232 4798 369 4894 generis
389 4798 531 4873 humani
556 4801 700 4874 salutem
726 4798 1015 4906 promovendam!
