4986 6200
899 711 1176 782 ORATIO.
1463 731 1467 736 '
1750 717 1794 782 49

276 920 455 1020 agitantur
491 925 527 996 et
556 913 800 1008 sollicitantur,
834 921 898 1002 ite,
913 922 1041 1022 pariter
1065 923 1102 996 in
1131 921 1388 1020 disciplinarum
1418 921 1517 996 cultu
1538 920 1734 996 afficiuntur
1758 929 1794 994 et

277 1040 521 1140 impelluntur,
547 1040 715 1137 uniceque
739 1039 851 1117 famae
873 1047 909 1114 ot
930 1041 1058 1140 gloriae
1082 1041 1254 1128 serviunt,
1279 1049 1340 1115 aut
1363 1045 1500 1116 summa
1524 1066 1589 1140 ope
1613 1041 1793 1139 enituntur

278 1167 316 1232 et
334 1165 593 1247 consectantur,
618 1167 659 1232 ut
680 1159 839 1233 exomni
863 1163 966 1258 opert
991 1167 1027 1234 et
1051 1159 1186 1248 labore,
1212 1159 1288 1233 aliis
1308 1184 1520 1260 quamquam
1542 1161 1638 1235 haud
1655 1160 1791 1250 inutili,

279 1303 341 1376 per
372 1303 409 1351 se
442 1278 507 1352 etsi
536 1277 749 1378 praestabili,
780 1271 929 1373 plmima
952 1271 1173 1371 maximaque
1201 1279 1318 1346 umen
1341 1272 1408 1345 sibi
1430 1273 1568 1348 veniant
1598 1281 1660 1348 aut
1687 1273 1792 1348 adse

277 1396 484 1474 redundent.
542 1399 674 1472 Omnes
714 1397 832 1494 itaqua
867 1393 959 1468 vires·
987 1393 1174 1491 colligunt,
1212 1415 1276 1466 neo
1311 1391 1406 1465 oneri
1444 1400 1602 1490 suscepto
1641 1393 1790 1481 cedunt,

278 1509 469 1584 dummodo
499 1510 663 1586 laudibus
695 1520 731 1586 et
767 1511 955 1586 honoribus
986 1517 1151 1584 ornentur
1176 1515 1211 1583 et
1237 1507 1455 1606 peritissimi,
1480 1507 1587 1582 immo
1614 1517 1790 1607 praestan·

212 1615 215 1622 λ
279 1626 405 1702 tissimi
438 1635 474 1702 et
509 1630 786 1727 praeclarissimi,
823 1632 1026 1708 habeantur.
1086 1631 1161 1705 Nec
1194 1628 1340 1716 mirum,
1375 1628 1405 1701 si
1437 1633 1659 1725 reputamus,
1692 1629 1791 1702 facile

277 1747 459 1846 plerosque
491 1748 604 1822 laudis
634 1750 752 1826 studio
780 1751 883 1826 nimis
913 1751 1112 1849 indulgere,
1147 1773 1227 1824 cum
1263 1748 1309 1822 od
1339 1746 1544 1846 cognitionis
1567 1753 1603 1819 et
1630 1746 1791 1821 scientiae

280 1866 508 1964 cupiditatem
531 1867 709 1944 trahamur
732 1877 768 1943 et
793 1871 980 1958 ducamur,
1004 1870 1042 1944 in
1066 1871 1135 1967 qut
1160 1867 1323 1947 excellere
1347 1867 1531 1966 pulchrum
1553 1873 1730 1966 putamus.

327 2103 465 2182 Quodsi
493 2111 668 2180 tantorum
697 2106 987 2184 incrementorum
1013 2133 1133 2183 causam
1160 2107 1380 2207 quaerimus,
1404 2106 1520 2204 plures
1541 2103 1640 2178 facile
1661 2103 1791 2176 inveni-

276 2247 367 2298 mus.
418 2223 559 2299 Etenim
594 2225 657 2300 ubi
691 2233 744 2302 tot
781 2228 845 2300 viri
874 2227 1064 2303 doctissimi
1100 2236 1135 2302 et
1167 2225 1307 2326 ingenio
1334 2223 1619 2324 praestantissimi
1638 2221 1790 2297 maxima

275 2339 380 2440 operia
418 2349 454 2416 et
495 2343 666 2418 industriis
707 2346 935 2446 invesb'gant,
981 2353 1211 2445 pertractant,
1250 2345 1468 2444 excogitant,
1507 2342 1721 2417 conformant
1757 2348 1792 2414 et

277 2460 522 2550 exaedificant,
548 2463 633 2562 quid
654 2465 801 2556 mirum,
826 2466 910 2564 quin
927 2465 1185 2564 disciplinarum
1197 2465 1324 2540 limites
1341 2463 1395 2538 vel
1410 2463 1559 2537 maxime
1578 2461 1791 2536 dilatentur?

276 2581 401 2680 Neque
430 2583 775 2680 praetervidendum,
813 2585 898 2685 quid
931 2584 1116 2660 diuturnae
1144 2585 1242 2690 paci,
1268 2582 1502 2658 doctrinarum
1523 2581 1679 2669 fautrici,
1705 2578 1792 2678 quid

275 2698 467 2774 multorum
490 2701 576 2790 otio,
609 2704 696 2801 quid
717 2703 854 2793 honori,
886 2704 1013 2780 artium
1035 2704 1164 2792 altrici,
1191 2703 1380 2790 debeatur,
1406 2710 1605 2800 quantaque
1632 2725 1676 2774 ex
1698 2700 1791 2776 hisce

276 2817 422 2914 aliisque
452 2819 613 2894 affinibus
648 2824 761 2896 causis
794 2824 886 2897 bona
902 2822 1139 2928 *redundarint
1159 2822 1401 2921 praeclaraque
1421 2821 1562 2893 inventa
1586 2817 1790 2892 exstiterint.

275 2934 370 3010 Hinc
411 2936 517 3012 etiam
552 2939 724 3014 cultorum
763 2949 1001 3039 stateramque
1032 2965 1197 3015 numerus
1231 2941 1414 3039 insigniter
1447 2947 1588 3025 auctus,
1625 2938 1791 3035 ipsaque,

275 3079 319 3127 ex
354 3055 486 3128 meliori
524 3063 559 3128 et
586 3057 732 3154 pleniori
761 3058 977 3156 cognitione,
1002 3058 1234 3158 pertractandi
1256 3067 1292 3132 et
1314 3057 1546 3155 investigandi
1568 3056 1656 3130 ratio
1677 3055 1789 3153 magis

275 3171 435 3271 perlecta.
472 3172 581 3280 ‘Hinc
619 3174 734 3248 studia
763 3175 962 3264 subtilioro3
991 3219 1041 3232 -
1063 3176 1144 3249 hino
1167 3175 1313 3250 docendi
1338 3177 1588 3274 ingeniumque
1610 3160 1809 3248 exercendi

275 3297 312 3364 et
350 3290 587 3366 conformandi
616 3294 979 3370 normaemendatior
1006 3301 1067 3370 aut
1095 3294 1206 3394 aptior
1228 3301 1263 3370 et
1286 3296 1452 3382 exactior3
1486 3295 1567 3368 hinc
1594 3293 1794 3382 etiam,-

275 3418 311 3484 et
338 3417 477 3507 propter
506 3411 714 3501 materiem,
730 3413 862 3512 ubique
888 3414 988 3512 quasi
1009 3414 1201 3514 expositam
1225 3421 1261 3488 et
1280 3416 1455 3490 cumulate
1476 3413 1716 3500 distributam,
1739 3458 1790 3475 -

279 3529 491 3627 percipiendi
518 3531 771 3630 arripiendique
793 3541 829 3606 et
850 3533 1047 3608 inveniendi
1071 3535 1216 3610 facilitas
1238 3535 1462 3632 celeritasque
1488 3533 1599 3607 multo
1624 3529 1789 3629 maj0res,

276 3671 503 3746 accessusque
541 3649 589 3722 od
624 3651 882 3750 disciplinarum
916 3655 1103 3754 penetralia
1139 3653 1277 3728 liberior
1313 3663 1349 3728 et
1385 3653 1566 3754 patentior.
1624 3651 1726 3724 Adde
1754 3635 1790 3724 et
1923 3723 1937 3746 ,

276 3766 389 3864 ipsam
422 3766 682 3857 necessitatem,
721 3772 791 3868 qud
826 3773 975 3862 morere,
1010 3797 1214 3874 cognoscere
1249 3780 1286 3846 et
1322 3774 1425 3861 scire,
1462 3773 1499 3846 in
1538 3770 1636 3846 ranst
1672 3793 1788 3844 rerum

255 3885 499 3978 „multitudine
532 3894 568 3960 et
601 3889 784 3981 varietate,
819 3899 985 3991 tantoque
1020 3919 1189 3969 concursu
1217 3903 1253 3968 et
1287 3893 1493 3980 certamine,
1517 3890 1650 3966 indies
1674 3889 1786 3988 magis

161 4057 169 4074 ,
275 4005 457 4102 magisque
488 3997 653 4106 cogimur.
704 4010 843 4088 Quibus
879 4013 1022 4111 quidem
1052 4013 1236 4102 omnibus,
1266 4013 1411 4112 aliisque
1436 4012 1594 4112 pluribus
1616 4009 1787 4110 ejusmodi

276 4122 320 4196 de
354 4124 488 4214 comis,
523 4127 614 4202 viam
645 4130 692 4203 ad
725 4132 1015 4230 progrediendum
1040 4134 1094 4208 vel
1117 4134 1267 4208 maxime
1289 4133 1481 4220 munitam,
1505 4132 1686 4229 ipsamque
1707 4152 1785 4227 pro·

275 4244 487 4340 gressionem
522 4245 695 4345 insignem
728 4251 845 4326 minus
880 4253 1054 4328 miramur.
1104 4255 1151 4327 Et
1183 4277 1282 4341 vare3
1318 4255 1367 4327 sic
1397 4276 1547 4348 namque
1570 4247 1794 4348 aprincipiis

276 4361 322 4434 ad
355 4366 616 4462 consequentias
645 4367 748 4442 citius
774 4373 989 4468 pervenitur3
1024 4374 1073 4448 sio
1094 4373 1262 4458 continuo
1289 4397 1311 4447 a
1334 4369 1608 4469 consequentiis,
1633 4367 1784 4441 velutia

275 4479 420 4556 totidem
453 4483 550 4558 novis
580 4485 778 4586 principiis,
814 4489 860 4562 ad
890 4490 995 4578 alias,
1025 4490 1071 4564 od
1094 4515 1203 4564 novas
1221 4490 1420 4564 innumeras
1432 4521 1441 4576 ;
1467 4487 1515 4560 sic
1538 4485 1695 4560 omnium
1722 4509 1781 4557 cu-

220 4638 223 4644 ·
270 4597 467 4700 jussumque
491 4603 625 4702 generis
645 4605 880 4682 subsidiorum
903 4616 938 4682 et
956 4609 1235 4708 adjumentorum
1254 4607 1446 4708 largissima
1464 4606 1562 4704 copia
1582 4597 1782 4702 adparatur,

169 4767 173 4774 -
273 4717 403 4816 quibus
427 4723 622 4820 'asperrima
656 4727 832 4826 superari,
866 4727 1032 4805 altissima
1056 4729 1203 4830 attingi,
1226 4727 1445 4825 maximeque
1470 4723 1645 4802 recondita
1666 4721 1782 4820 detegi
1842 4725 1847 4734 '
1930 4723 1939 4728 “

270 4846 429 4936 possunt

1471 4969 1590 5084 ..7
