4874 6182
709 661 780 752 ,roo
1271 661 1305 727 s.
1340 662 1374 729 c.
1409 659 1666 728 uernans

764 868 854 943 Inde
878 871 1126 968 symptomata,
1152 889 1240 965 quae
1263 865 1432 966 objectiva
1457 867 1623 955 audiunt,
1656 887 1824 966 magnum
1850 843 2101 941 incrementum
2127 890 2229 966 cepe·

715 993 799 1062 runt
833 996 869 1061 et
900 985 1022 1062 certior
1055 985 1253 1084 firmiorque
1288 986 1442 1085 plmium
1474 985 1673 1060 morborum
1706 983 1880 1084 diagnosis
1909 983 2000 1059 lacta
2030 992 2093 1062 est.
2144 987 2226 1060 Par·

716 1105 873 1180 cussione
909 1104 1075 1180 nimirum
1110 1103 1289 1204 physicam
1324 1129 1531 1204 organorum
1564 1102 1813 1191 conditionem,
1846 1103 2094 1178 auscultatione
2132 1104 2227 1178 aber·

715 1225 864 1299 rationes
888 1223 925 1298 in
954 1225 1042 1299 aeris
1074 1231 1110 1298 et
1136 1224 1314 1323 sanguinis
1346 1232 1445 1298 motu
1472 1223 1579 1298 factas
1608 1221 1846 1320 comperimus.
1898 1221 2066 1310 Uberum,
2091 1247 2226 1310 aurem,

715 1344 872 1432 oculum,
908 1343 993 1442 quin
1028 1351 1063 1418 et
1099 1343 1293 1430 mcthram,
1324 1341 1470 1441 propriis
1501 1340 1648 1440 speculis
1679 1336 1864 1428 adhibitis,
1889 1339 1967 1413 visu
1989 1339 2226 1439 exploramus,

713 1457 920 1561 illorumque
942 1463 1194 1551 aberrationes‚
1218 1486 1288 1536 non
1309 1461 1376 1536 alio
1396 1461 1500 1535 modo
1521 1459 1788 1558 dignoscendas,
1817 1457 2053 1558 patefacimus.
2103 1459 2225 1534 Fibrac

714 1580 872 1656 clasticae
907 1581 943 1654 in
977 1582 1088 1680 sputis
1123 1589 1276 1680 repertae
1314 1581 1519 1680 pulmonum
1556 1579 1692 1666 tabem,
1727 1577 1932 1677 epithelium
1968 1576 2082 1650 tubuli
2117 1578 2225 1654 torma

715 1710 913 1775 concretum
948 1707 983 1773 et
1015 1701 1246 1776 adulteratum
1277 1701 1314 1774 in
1341 1700 1441 1775 urina
1462 1699 1602 1774 obvium
1633 1698 1724 1772 renis
1754 1703 1962 1770 structuram
1989 1697 2223 1794 perturbatam

713 1819 890 1908 indicant,
924 1819 1101 1919 sanguinis
1136 1819 1323 1894 moleculaa
1350 1816 1665 1916 haemorrhagiam,
1699 1815 1874 1890 filamenta
1899 1815 2103 1911 spermatico
2125 1816 2221 1888 tlnidi

713 1939 759 2012 ad
785 1939 880 2037 quod
905 1939 1079 2038 pertinent
1098 1939 1278 2037 jacturam.

763 2057 820 2132 Sic
856 2058 892 2131 in
928 2059 1001 2132 dies
1038 2059 1159 2132 crescit
1191 2056 1315 2131 notitia
1348 2079 1581 2154 eorumquae
1612 2053 1658 2128 ad
1686 2051 1866 2150 diagnosin
1892 2059 1927 2125 et
1952 2060 2113 2127 naturam
2138 2078 2221 2128 mor·

713 2175 836 2250 borum
862 2175 1054 2274 pertinent,
1078 2175 1253 2272 adquam
1278 2173 1508 2272 cognitionem
1535 2198 1554 2246 e
1576 2169 1721 2269 singulis
1743 2171 1931 2270 disciplinis
1957 2179 2030 2245 tum
2060 2173 2222 2271 physicis,

712 2303 789 2368 tum
823 2294 1045 2381 anatomicis,
1082 2301 1159 2368 tum
1188 2291 1431 2396 physiologicis
1460 2290 1629 2365 maximos
1659 2289 1791 2364 fructus
1815 2291 2045 2380 redundasse,
2082 2293 2222 2391 quisque

712 2412 810 2486 facile
833 2421 1006 2510 agnoscat.
2253 2397 2256 2402 ¹

760 2533 884 2607 Restat
914 2533 981 2608 alia
1009 2532 1267 2631 disciplinarum
1300 2555 1399 2630 pars,
1432 2555 1521 2628 quae
1551 2555 1621 2604 non
1653 2530 1769 2628 ipsum
1800 2529 1995 2620 hominem,
2027 2531 2088 2604 sed
2109 2555 2225 2604 rerum

712 2655 953 2724 extranearum
987 2649 1156 2723 actionem
1188 2649 1226 2722 in
1259 2672 1382 2746 corpus
1417 2649 1533 2722 vivum
1569 2655 1711 2746 spectat.
1776 2649 2075 2726 Quemadmodum
2111 2650 2223 2722 medi·

709 2773 946 2841 camentorum
977 2768 1065 2842 vires
1096 2768 1141 2842 ad
1173 2767 1357 2857 sanitatem
1391 2767 1641 2842 restituendam
1679 2791 1740 2866 par
1774 2766 1885 2865 ipsam
1909 2767 2030 2866 praxin
2053 2767 2226 2842 medicam

710 2885 880 2959 eruendae
908 2894 1011 2974 sunt,
1048 2887 1098 2960 ita
1130 2885 1461 2960 medicamentorum
1493 2892 1673 2973 naturam,
1697 2887 1999 2984 compositionem,
2027 2888 2097 2960 vim
2122 2911 2227 2984 qnam

710 3006 746 3078 in
787 3029 912 3102 corpus
952 3029 1076 3078 sanum
1110 3013 1309 3092 exerceant,
1342 3005 1516 3102 explorare
1549 3004 1595 3079 ad
1628 3004 1858 3080 chemicorum
1883 3015 1918 3081 et
1947 3007 2225 3106 physiologornm

709 3123 921 3222 provinciam
945 3122 1104 3219 partinet.
1155 3122 1280 3218 Neque
1299 3123 1410 3196 officio
1435 3147 1498 3196 suo
1523 3122 1716 3198 defuerunt.
1766 3125 1824 3198 Illi
1845 3126 2011 3201 nimirum
2035 3127 2225 3200 docuerunt

712 3267 731 3313 e
769 3238 911 3312 diversis
942 3239 1139 3336 plantarum
1168 3240 1325 3338 partibus
1355 3241 1523 3340 principia
1550 3242 1795 3341 compositione
1823 3246 1965 3320 definita
1988 3253 2024 3320 et
2047 3255 2222 3345 propterea

710 3358 744 3432 vi
785 3365 878 3432 certa
920 3381 1122 3456 semperque
1170 3359 1292 3434 eadem
1325 3361 1480 3459 praedita
1513 3362 1690 3437 extrahere
1702 3395 1711 3450 ;
1757 3364 1794 3438 hi
1827 3373 1964 3454 autem,
2002 3389 2074 3463 qua
2110 3367 2143 3438 vi
2182 3389 2223 3438 aa

712 3478 863 3577 polleant
898 3478 943 3552 ad
973 3479 1159 3554 mutandas
1194 3478 1388 3553 functiones
1420 3479 1621 3554 animalium
1654 3488 1689 3554 et
1726 3481 1836 3580 ipsius
1871 3481 2042 3570 hominis,
2081 3482 2226 3580 experiri

713 3599 934 3672 studuerunt.
990 3600 1054 3673 Est
1090 3600 1154 3674 hoc
1187 3599 1342 3674 studium
1377 3624 1458 3674 sane
1491 3599 1743 3675 difficillimum.
1792 3600 1978 3699 Exemplar
2006 3601 2052 3674 sit
2082 3626 2223 3676 examen

713 3718 756 3790 de
794 3701 1045 3790 narcoticornm
1082 3719 1115 3790 vi
1144 3719 1181 3792 in
1208 3717 1320 3792 cordis
1353 3718 1538 3805 actionem,
1571 3743 1591 3792 a
1619 3717 1700 3791 viris
1728 3717 1934 3792 doctissimis
1958 3717 2164 3792 Licbtenlals
2187 3727 2221 3790 et

713 3834 876 3908 Frohlich
914 3859 1051 3911 summa
1081 3837 1252 3912 industria
1281 3837 1501 3925 institutum,
1531 3861 1680 3936 quorum
1704 3835 1906 3910 methodum
1933 3836 2223 3911 accuratissimam

715 3952 856 4026 sibene
879 3953 982 4026 multi
1003 3965 1272 4054 persequantur,
1297 3955 1459 4044 effectus,
1484 3956 1627 4054 quasin
1649 3955 1790 4030 homine
1813 3979 1896 4030 sano
1921 3954 2054 4030 diversa
2075 3955 2223 4030 habeant

714 4070 872 4167 agentia,
909 4071 982 4162 sine
1013 4074 1119 4148 dubio
1143 4075 1268 4150 mebus
1292 4074 1518 4148 innotescent.
1568 4074 1724 4148 Mrdtum
1750 4099 1831 4148 sane
1856 4081 1963 4148 restat
1987 4099 2109 4174 operae
2135 4076 2221 4148 mul·

714 4197 861 4288 tumque
889 4191 1042 4266 restabit.
1092 4193 1137 4266 Id
1159 4219 1238 4268 vero
1260 4198 1413 4278 constat,
1443 4191 1531 4265 hanc
1552 4190 1658 4286 etiam
1680 4189 1896 4290 disciplinam
1920 4192 2058 4266 assidue
2080 4191 2124 4265 ad
2143 4217 2220 4290 per·

713 4307 895 4418 factionem
928 4311 1069 4386 tendere
1104 4319 1139 4385 et
1172 4311 1292 4411 quavis
1325 4335 1413 4384 nova
1444 4308 1705 4408 investigatione
1730 4311 1775 4384 ad
1800 4335 1941 4409 scopum
1965 4311 2218 4408 quodammodo

715 4429 999 4528 appropinquare.

765 4549 855 4626 Quis
892 4559 961 4639 est,
998 4551 1082 4628 haec
1119 4561 1300 4653 reputans,
1339 4547 1526 4624 Auditores
1561 4547 1835 4622 Humanissimil
1872 4549 1933 4646 qui
1969 4572 2038 4622 non
2067 4549 2221 4624 omnium

717 4667 996 4766 disciplinarum,
1022 4672 1150 4770 quibus
1173 4670 1315 4748 scientie
1334 4667 1468 4744 medica
1486 4667 1700 4755 continetur,
1724 4673 1938 4742 constantem
1960 4675 1995 4743 et
2020 4675 2220 4766 perpetuam

715 4788 986 4882 progressionem
1008 4789 1080 4888 jam
1105 4797 1268 4888 agnoscat
1291 4796 1326 4862 et
1350 4788 1504 4886 agnitam
1528 4785 1734 4862 admiratur!
