4874 6182
853 671 1133 738 orario.
1495 625 1508 666 ³
1687 679 1749 749 10⁷

234 877 427 952 illustravit.
476 877 577 951 Baais
606 875 822 974 pathologiae
856 879 924 953 dici
945 879 1159 978 physiologia
1189 885 1358 966 meretum
1383 878 1466 954 haec
1498 885 1616 956 autem
1645 881 1743 958 vicis·

235 997 300 1070 rim
346 1003 398 1070 tot
441 1002 605 1094 tantaque
646 1020 666 1069 a
695 997 892 1096 pathologia
930 997 1079 1094 aceepit,
1115 1006 1156 1070 ut
1190 994 1376 1096 aliquando
1412 998 1626 1098 physiologia
1664 1025 1742 1076 ner·

233 1138 355 1189 vorum
389 1115 499 1214 magis
541 1115 798 1214 pathologicum
839 1139 944 1212 quam
980 1113 1177 1212 pathologia
1211 1114 1484 1214 physiologicum
1515 1117 1744 1196 characterem

106 1221 110 1226 ’
236 1231 397 1306 induerit.
460 1233 579 1306 Simile
612 1233 788 1308 vinculum
826 1232 1022 1330 disciplinas
1056 1240 1197 1306 cunctas
1232 1231 1323 1306 inter
1359 1241 1393 1307 et
1427 1242 1534 1311 artem
1575 1237 1744 1314 medicam

233 1352 406 1439 cernitur,
431 1351 511 1426 licet
535 1351 640 1451 hujus
663 1353 836 1453 disjuncta
853 1353 1008 1427 membra
1028 1352 1184 1426 nondum
1205 1351 1243 1424 in
1265 1350 1439 1426 doctrinae
1459 1379 1582 1453 corpus
1605 1357 1743 1432 redacta

232 1471 311 1544 sint.
374 1471 456 1548 Qua
485 1471 561 1545 luce
597 1472 675 1546 illae
707 1471 827 1570 praxin
857 1471 1052 1559 illustrant,
1086 1495 1128 1545 ea
1162 1494 1223 1567 pro
1254 1477 1352 1568 parte
1384 1471 1421 1544 in
1450 1472 1543 1570 ipsas
1575 1473 1738 1572 rejicitur.

232 1591 349 1668 Quare
387 1590 609 1691 sibimetipsis
642 1593 821 1666 consulent
852 1590 1007 1690 singulae
1034 1590 1253 1689 disciplinae,
1279 1590 1309 1664 si
1331 1589 1463 1688 justam
1489 1591 1738 1670 adhibitionem

229 1709 388 1806 practicis
411 1710 597 1784 faciliorem
621 1718 657 1786 et
682 1711 875 1786 uberiorem
899 1711 1056 1787 reddant.

277 1829 354 1913 En,
379 1827 567 1902 Auditores
592 1829 892 1918 aestumatissimi,
917 1830 1078 1906 scientiae
1099 1828 1178 1927 jura
1199 1835 1235 1902 et
1258 1827 1368 1904 officia
1391 1829 1539 1903 breviter
1563 1833 1738 1930 exposita!

230 1945 279 2017 Ut
306 1952 424 2018 autem
457 1947 552 2044 justa
584 1948 681 2022 vobis
711 1949 928 2022 necessitudo
957 1949 1047 2022 inter
1081 1948 1258 2022 scientiam
1282 1955 1318 2020 et
1342 1949 1451 2023 artem
1474 1951 1654 2048 perspicua
1676 1951 1739 2040 sit,

228 2088 371 2162 praxeos
396 2089 534 2163 quoque
553 2066 656 2165 jura,
682 2066 786 2140 verbo
801 2066 1011 2164 jam-tacta,
1036 2067 1216 2166 ipsiusque
1238 2068 1348 2142 officia
1370 2069 1582 2144 enucleanda
1597 2079 1739 2147 restant.

277 2177 414 2265 Quodsi
462 2188 622 2262 scientiae
660 2187 851 2262 cultoribus
887 2187 1078 2286 imponitur
1118 2187 1287 2274 officium,
1323 2188 1445 2286 praxin
1484 2213 1553 2287 quo
1590 2215 1653 2288 par
1688 2199 1741 2265 est

227 2307 355 2380 honore
392 2331 431 2380 aa
465 2307 535 2380 fide
570 2308 751 2405 prosequi,
782 2307 897 2404 praxis
929 2307 1017 2381 illud
1044 2307 1103 2406 jus
1135 2307 1202 2381 sibi
1235 2306 1406 2394 vindicat,
1437 2314 1477 2380 ut
1506 2308 1585 2381 solis
1609 2309 1741 2384 nitatur

226 2425 480 2512 fundamentis,
502 2425 546 2500 ab
569 2426 645 2526 ipsa
662 2426 868 2501 constitutis.
909 2427 1203 2524 Quandoquidem
1225 2432 1324 2524 grato
1343 2425 1459 2499 animo
1481 2426 1745 2526 disciplinarum

226 2569 309 2643 opes
341 2551 376 2618 et
402 2545 530 2620 auxilia
553 2546 694 2644 practici
723 2546 789 2620 sibi
813 2545 1027 2635 adsciscunt,
1052 2547 1106 2620 his
1137 2547 1177 2620 ea
1201 2545 1333 2618 ratione
1357 2552 1519 2633 utantur,
1546 2554 1587 2620 ut
1616 2547 1652 2621 in
1676 2573 1739 2622 suo

227 2671 364 2738 tantum
402 2663 512 2738 fundo
552 2689 696 2764 praxeos
732 2665 958 2740 fundamenta
997 2665 1148 2764 jaciant,
1194 2665 1306 2761 iisque
1345 2671 1454 2738 artem
1488 2672 1736 2763 superstruant.

225 2779 375 2858 Praeter
398 2784 597 2882 empiricam
629 2785 725 2858 nulla
765 2783 868 2858 datur
906 2785 1087 2859 medicina.
1153 2783 1310 2862 Quodvis
1349 2783 1510 2858 scientiae
1546 2785 1736 2874 indicium,

225 2901 331 2976 etiam
353 2901 502 2975 maximo
526 2903 737 3000 speciosum,
762 2901 924 3000 empirice
951 2903 1103 3002 sigillum
1125 2901 1291 3000 requirit,
1316 2909 1503 3000 antequam
1525 2904 1616 2978 inter
1640 2929 1736 3004 prac-

225 3020 294 3094 tica
320 3019 484 3118 dogmata
506 3019 700 3118 recipiatur.
751 3021 847 3098 Quin
875 3021 1012 3120 saepius
1035 3021 1111 3119 ipsa
1130 3021 1273 3118 empiria
1295 3022 1380 3094 utile
1402 3021 1489 3118 quid
1511 3023 1736 3120 praedicavit,

223 3161 307 3212 casu
347 3138 489 3211 fortuito
519 3139 636 3236 potius
668 3163 774 3236 quam
810 3140 952 3214 seientia
984 3141 1108 3227 ducta,
1146 3139 1227 3212 huic
1263 3139 1502 3236 explicandam
1539 3140 1737 3240 relinquens

223 3257 392 3332 actionem
420 3281 559 3345 corum,
585 3281 673 3355 quae
695 3258 791 3332 nullo
814 3257 934 3358 adjuta
957 3258 1087 3332 amilio
1120 3257 1216 3331 utilia
1243 3279 1317 3330 esse
1348 3256 1559 3355 probaverat.
1610 3261 1735 3358 Neque

225 3400 369 3472 praxeos
403 3377 554 3450 multum
577 3377 741 3466 interest,
773 3384 893 3452 utrum
928 3403 1016 3476 quae
1046 3401 1124 3451 vera
1147 3357 1270 3450 *docuit
1304 3377 1447 3458 scientis¹
1470 3376 1544 3475 jam
1567 3377 1736 3476 explicare

224 3494 336 3567 valeat
368 3517 486 3568 necne.
550 3493 724 3591 Empiriae
759 3494 903 3591 requirit
937 3494 1061 3581 effata,
1104 3495 1235 3568 ratione
1271 3519 1384 3568 carere
1422 3501 1546 3592 potest.
1608 3497 1638 3568 E
1673 3521 1736 3571 sue

225 3611 436 3710 experientia
473 3609 542 3684 fide
570 3611 735 3708 probata,
770 3613 836 3686 etsi
866 3635 936 3686 nou
966 3613 1156 3700 intellecta,
1187 3637 1305 3686 verum
1329 3613 1504 3688 medicum
1527 3613 1593 3688 hac
1618 3623 1736 3690 nostra

224 3736 337 3803 aetate
372 3729 472 3826 plura
511 3729 709 3826 majoraque
738 3731 820 3804 artis
856 3731 1026 3830 praesidia
1059 3755 1163 3828 quam
1199 3731 1224 3805 e‘
1248 3733 1379 3807 ratione
1408 3733 1544 3807 haurire
1570 3722 1734 3834 equidem

223 3847 392 3930 affirmare
416 3845 533 3922 nullus
557 3847 689 3922 dubito.

272 3967 302 4040 E
330 3967 504 4065 praedicto
524 3991 668 4066 praxeos
690 3967 789 4068 juro,
821 3967 865 4042 dc
891 3992 960 4068 quo
979 3969 1075 4044 nulla
1099 3977 1151 4043 est
1178 3971 1426 4060 controversia,
1451 3972 1628 4070 profluunt
1648 3975 1732 4050 alia:

222 4086 389 4160 nimirum
429 4093 470 4160 ut
503 4086 726 4176 theoreticos,
761 4089 995 4186 systematicos
1028 4097 1063 4164 et
1093 4089 1310 4164 scholasticos
1337 4090 1485 4189 expellat
1506 4116 1620 4190 neque
1643 4093 1733 4168 sinat

223 4229 260 4278 se
293 4205 423 4280 ahenae
457 4204 676 4303 disciplinae,
715 4208 872 4304 quamvis
906 4207 1056 4282 maxime
1083 4209 1214 4298 affinis,
1247 4210 1391 4309 imperio
1420 4211 1618 4310 subjectum
1646 4238 1732 4290 esse.

224 4325 529 4400 Quemadmodum
560 4323 753 4424 physiologi
782 4327 951 4402 chemicos
980 4327 1230 4428 physiologiam
1250 4329 1361 4403 lacere
1375 4329 1453 4428 jure
1481 4330 1731 4430 dedignantur,

187 4457 193 4466 ’
223 4442 272 4516 sic
304 4439 458 4518 medicus
493 4443 664 4541 practicus
692 4445 843 4520 alienum
876 4447 1105 4546 legislatorem
1139 4473 1394 4548 quemcumque
1429 4449 1620 4526 abhorreat.
1671 4453 1729 4526 In-

222 4561 375 4635 serviunt
402 4563 470 4660 ipsi
493 4571 636 4639 cunctae
663 4564 884 4663 disciplinae,
910 4567 971 4640 sed
994 4567 1190 4641 multifariis
1216 4567 1391 4642 benefieiis
1417 4575 1534 4642 caveat
1559 4593 1603 4642 ne
1625 4595 1729 4644 suum

218 4681 276 4779 jus
296 4680 477 4755 abalienet.
523 4683 603 4756 Non
625 4684 717 4758 enim
737 4685 946 4760 construitur
965 4711 1020 4761 ars
1039 4685 1188 4774 medica,
1211 4686 1272 4760 sad
1294 4686 1522 4783 experientiae
1543 4685 1635 4761 letus
1660 4696 1728 4779 est,

221 4823 285 4874 nec
313 4799 639 4886 nisiobservatione
669 4811 774 4903 atque
802 4803 1000 4880 inductione
1019 4806 1119 4904 juxta
1140 4806 1268 4882 lectum
1292 4806 1546 4906 aegrotantium
1566 4809 1729 4885 nascitur.

1461 4927 1537 5000 ld*
