4892 6184
756 695 799 764 74
1227 689 1420 760 SERIES
1467 687 1795 761 tactionum

755 905 796 978 P.
818 901 858 976 L.
878 901 1018 988 arm,
1042 899 1133 976 Prot.
1156 900 1342 988 ertraorrl,
1366 897 1549 996 Physicam
1568 897 1872 998 experimentalem
1892 895 2048 986 docebit,

805 1020 928 1095 diebus
952 1021 1091 1108 Lunae,
1115 1019 1259 1106 Martis,
1283 1019 1466 1106 Mercurii,
1489 1017 1586 1094 Jorir
1610 1023 1646 1092 et
1668 1017 1812 1092 Veneris
1822 1073 2045 1104 .......
2070 1015 2154 1092 bort
2179 1013 2265 1092 XII.
2299 1089 2307 1102 ,

852 1140 907 1214 De
948 1139 1112 1238 Physices
1148 1137 1320 1238 capitibus
1362 1137 1497 1214 selectis
1531 1137 1636 1212 latius
1668 1145 1705 1212 et
1739 1135 1852 1212 fumus
1886 1135 2050 1224 dama,

903 1257 1028 1333 diebus
1050 1258 1173 1332 Lunae
1197 1265 1233 1332 et
1255 1256 1380 1332 Martis
1389 1311 2049 1344 ...................
2221 1255 2267 1328 X.

853 1374 1036 1476 Physicam
1062 1375 1346 1452 Mathematicum
1369 1375 1502 1464 tradet,
1527 1373 1651 1450 dicbus
1671 1373 1793 1450 Lunae
1820 1383 1856 1450 ct
1877 1373 2044 1462 Veneris,
2161 1371 2262 1446 Vlll.

964 1613 1213 1690 FACULTAS
1237 1611 1601 1690 PHILOSOPHIAE
1624 1611 1968 1688 'l'HEORETICAE
1992 1613 2055 1688 ΕΤ

1176 1732 1464 1808 LI'PERARUM
1487 1729 1847 1806 HUMANIORUM.

754 1971 804 2044 M.
832 1971 1086 2058 Srauannumr,
1110 1979 1250 2070 propter
1275 1977 1424 2046 aetatem
1446 1969 1745 2070 septuagenariam
1768 1969 1855 2044 rude
1880 1967 2047 2058 donatus,

800 2097 972 2188 qnantum
1005 2113 1068 2188 per
1100 2089 1188 2165 vires
1219 2089 1353 2178 licebit,
1388 2091 1563 2166 studiosae
1586 2087 1761 2188 juventuti
1792 2089 1954 2190 prodesse
1983 2113 2041 2162 co·

801 2207 951 2284 nubitur.

752 2327 786 2400 J.
814 2327 922 2402 Barsa
956 2327 1238 2426 interpretabitur
1268 2327 1370 2404 Iuvn
1405 2327 1464 2402 lib.
1499 2325 1661 2400 XXXIV
1695 2333 1731 2400 ct
1761 2323 1923 2414 XXXV;
1961 2327 2047 2400 item

801 2447 1002 2522 Crenaorns
1030 2449 1129 2523 Orat.
1153 2448 1228 2522 Pro
1252 2451 1421 2536 Murena,
1451 2453 1488 2520 ct
1514 2443 1719 2546 dijudicabit
1740 2442 1904 2518 Virorum
1927 2444 2045 2520 docto·

799 2591 877 2641 rum
909 2567 1173 2643 controversiam
1206 2567 1250 2642 dc
1290 2569 1523 2654 Cutilimrtir,
1548 2565 1672 2640 dicbus
1692 2565 1832 2652 Lunae,
1857 2563 1982 2638 Martis
2006 2573 2043 2638 ct

801 2685 1012 2773 Mercurii,'
1015 2739 2041 2764 .............................
2195 2681 2260 2758 ΙΧ.

849 2805 904 2880 Ex
919 2806 1190 2905 Antiquitatibus
1204 2808 1331 2881 Atticis
1348 2805 1473 2882 selectu
1488 2805 1603 2904 capita
1620 2803 1803 2892 bactabit,
1826 2803 1883 2878 die
1901 2803 2042 2890 Lunae,
2110 2803 2129 2876 I
2153 2811 2189 2876 et
2212 2803 2260 2876 11.

850 2923 991 2998 Scholaa
1014 2925 1270 3032 Paedegogicas
1293 2925 1452 3012 babebit,
1477 2925 1533 2998 dic
1556 2923 1742 3012 Mercurii,
1776 2979 2041 2999 ........
2109 2923 2127 2994 1
2152 2931 2188 2994 et
2212 2922 2259 2994 Il.

752 3039 784 3114 J.
819 3041 871 3115 M.
907 3042 1079 3115 Scnnsrrr
1117 3041 1310 3120 Historiam
1343 3045 1478 3120 Patriae
1510 3043 1703 3132 enarrabit,
1741 3041 1867 3118 diebus
1896 3041 2042 3130 Lunae,

804 3159 930 3234 Martis
954 3167 990 3232 et
1012 3161 1197 3247 Mercurii,
1242 3217 2045 3242 .......................
2214 3163 2264 3235 ΙΙ.

852 3278 1059 3376 Praecipuus
1076 3279 1156 3376 styli
1177 3280 1248 3354 sive
1268 3281 1494 3382 Eloquentiae
1512 3283 1666 3382 regulas,
1690 3307 1766 3358 asc
1784 3281 1916 3370 editas,
1940 3283 2046 3358 inter·

900 3397 1114 3496 pretabitur,
1138 3399 1293 3498 probatis
1310 3403 1526 3492 auctoribus,
1550 3401 1720 3502 imprimis
1738 3402 1927 3492 Hoorrro,
1949 3402 2046 3476 illus·

895 3518 1059 3606 tmndas,
1084 3525 1120 3592 et
1150 3520 1321 3596 exercitiis
1349 3521 1591 3622 applicandus,
1615 3523 1842 3622 Eloquentiae
1867 3521 2045 3598 exterioris

896 3638 1086 3736 praeceptis
1107 3647 1213 3736 atque
1235 3641 1535 3717 exercitationibus
1558 3641 1723 3741 adjectis,
1748 3641 1873 3717 diebus
1891 3641 1988 3718 Jovia
2009 3649 2045 3716 et

896 3753 1041 3829 Veneris
1052 3813 2041 3842 ............................
2210 3759 2262 3832 ΙΙ.

945 3881 981 3945 et
1005 3873 1061 3947 die
1086 3875 1226 3949 Saturni
1236 3935 2039 3964 .......................
2216 3877 2263 3952 X.

849 3989 880 4062 Ε
911 3991 1141 4090 Scriptoribus
1176 3993 1292 4070 Nebrl
1326 3997 1461 4072 mediae
1492 3997 1614 4072 aetatis
1647 3999 1790 4074 selectos
1817 3999 1929 4088 locos,
1959 4023 2041 4074 sse

895 4109 1027 4198 editos,
1052 4113 1221 4210 explicare
1243 4123 1383 4215 perget,
1407 4115 1464 4190 die
1487 4115 1627 4192 Satnmi
1635 4175 1928 4205 .........
1955 4095 2037 4195 ’...
2196 4117 2263 4192 ΧΙ.

848 4227 977 4304 Tacina
1004 4233 1218 4307 Germaniam
1241 4233 1536 4336 interpretabitur,
1559 4237 1684 4312 diebus
1703 4239 1823 4314 Lunae
1840 4247 1876 4314 et
1895 4239 2036 4326 Martis,
2191 4237 2264 4308 ΙΙΙ.

848 4347 970 4422 Sacrae
993 4347 1221 4447 Eloquentiae
1255 4353 1433 4430 historiam
1462 4355 1614 4431 criticam
1635 4357 1770 4448 tradet,
1795 4358 1921 4435 diebus
1943 4359 2038 4433 Mer·

889 4467 977 4540 curii
1003 4476 1039 4542 et
1062 4469 1179 4558 Jovis,
1231 4529 1457 4550 .......
1468 4483 1472 4494 ’
1485 4531 2037 4556 ................
2192 4475 2266 4550 ΙΙΙ.

746 4585 788 4658 Α.
815 4583 989 4661 Burcana
1004 4587 1159 4663 Micam
1180 4591 1356 4668 Vaticim'c
1368 4601 1405 4669 et
1416 4593 1573 4670 Prolatos
1584 4595 1726 4671 selectos
1738 4595 2039 4697 interpretabitur,

679 4779 686 4788 ,
796 4703 919 4779 diebus
943 4703 1064 4782 Lunae
1088 4715 1124 4782 et
1148 4711 1292 4800 Martis,
1341 4769 2037 4794 ,,,,,,,,,,,,,,,,,,,,
2193 4713 2266 4788 ΙΧ.

938 4833 973 4898 et
997 4825 1053 4900 die
1077 4827 1262 4920 Mercurii,
1299 4888 1741 4912 .............
1747 4871 1753 4886 ·
1769 4889 2034 4913 ........
2157 4829 2265 4906 VIII.
