4986 6200
886 697 1163 806 o'nsrro.
1305 763 1307 770 ·
1751 732 1791 799 15

279 943 603 1048 diligentissimum,
622 944 736 1020 -ad
755 944 949 1044 juvandum
969 945 1244 1044 paratissimum,
1262 985 1313 1006 ·-
1331 944 1377 1018 ad
1402 948 1560 1042 suscepta
1578 937 1784 1040 perficienda

276 1067 426 1140 maxime
457 1065 619 1152 alacrem,
651 1109 702 1126 -
735 1063 895 1138 comitate
931 1063 1084 1151 facilem,
1111 1105 1161 1118 -
1192 1061 1300 1136 hilaro
1328 1060 1443 1136 animo
1473 1067 1631 1159 gratum,
1662 1058 1782 1132 -ab

274 1183 495 1283 opinionibus
529 1182 772 1282 praejudicatis
800 1181 977 1268 liberum,¹
993 1220 1044 1242 -·
1077 1180 1160 1255 alios
1195 1181 1239 1253 de
1270 1204 1370 1269 vero,
1402 1180 1488 1278 quid
1516 1179 1559 1254 iis
1582 1179 1783 1262 videbatur,
1838 1205 1840 1208 ·

276 1302 403 1400 quidve
441 1301 660 1400 cogitabant,
695 1301 855 1375 lubenter
887 1300 1108 1388 audientem,
1138 1316 1186 1356 -ὲ
1216 1299 1343 1374 mentis
1371 1298 1462 1387 acie,
1497 1299 1612 1397 quoad
1641 1297 1782 1384 licebat,

275 1421 390 1494 videre
426 1429 461 1496 et
488 1421 711 1520 contemplari
742 1421 882 1510 decere,
919 1421 1066 1520 ideoque
1099 1419 1238 1518 ingenia
1270 1445 1310 1494 ac
1340 1425 1474 1492 mentes
1504 1418 1609 1491 nullis
1639 1417 1783 1492 vinculis

273 1538 427 1613 cohiberi
450 1546 625 1638 oportere,
651 1539 923 1628 existimantem,
943 1585 993 1602 -
1014 1547 1167 1615 attamen
1193 1544 1356 1613 statorem
1379 1543 1594 1612 constantem
1614 1535 1781 1634 judicem·

275 1683 344 1756 que
369 1682 543 1746 severum,
569 1658 598 1731 si
624 1658 776 1734 veritatis
800 1659 935 1734 divinae
959 1681 1064 1733 causa
1086 1663 1245 1758 ageretur
1270 1661 1313 1751 ¹).

322 1777 369 1848 Et
395 1775 691 1873 quemadmodum
713 1777 750 1850 in
775 1779 921 1853 statione
946 1777 1186 1876 Groningant,
1213 1778 1258 1850 ad
1284 1800 1413 1850 munus
1439 1773 1674 1850 academicum
1695 1772 1784 1847 bene

273 1893 502 1992 explendum,
537 1895 574 1968 in
603 1880 733 1995 duplici
762 1899 872 1973 officio
899 1897 1117 1996 exsequendo
1143 1921 1281 1971 omnem
1306 1919 1444 1993 operam
1469 1901 1649 1992 posuerat,
1674 1893 1722 1966 sic
1748 1903 1784 1965 et

273 2012 401 2087 leidae
423 2013 514 2088 fecit.
564 2014 722 2090 Primum
746 2041 871 2114 nempe
897 2015 1049 2090 utboni
1071 2015 1309 2102 institutione,
1336 2038 1416 2089 cum
1438 2013 1562 2088 scholis
1581 2011 1783 2086 academicis

272 2139 350 2206 tum
376 2133 589 2208 orationibus
615 2136 735 2224 sacris,
766 2135 910 2234 juvenes
937 2135 1142 2234 Theolcgiae
1166 2134 1338 2209 studiosos
1361 2134 1406 2208 ad
1433 2132 1683 2208 sanctissimam
1707 2156 1784 2230 pro·

277 2251 424 2326 vinciam
460 2253 676 2343 informaret,
712 2254 837 2329 deinde
868 2263 909 2330 ut
939 2254 1063 2329 studiis
1096 2255 1272 2353 vigilaret,
1304 2252 1613 2352 investigandoque
1636 2259 1672 2324 et
1693 2275 1784 2324 com-

275 2372 463 2446 mentando
489 2373 690 2471 disciplinae
710 2374 888 2449 materiem
910 2374 1034 2450 melita
1058 2374 1302 2460 conformaret,
1327 2372 1444 2472 itaque
1470 2373 1565 2471 ipsae
1587 2369 1785 2469 disciplinae

271 2489 498 2585 perficiendae
524 2502 585 2566 ant
610 2493 832 2567 illustrandae
857 2494 1035 2568 inserviret
1048 2497 1092 2585 ²).
1548 2495 1550 2500 ’

320 2609 390 2683 Sed
418 2611 591 2710 quidquid
620 2613 745 2710 agebat
774 2619 835 2688 aut
859 2637 1021 2712 peragere
1048 2613 1204 2688 animum
1228 2611 1431 2700 inducebat,
1446 2655 1495 2670 -
1510 2611 1581 2686 sive
1603 2612 1648 2685 ad
1668 2609 1784 2684 studia

269 2735 331 2802 aut
366 2728 411 2802 ad
443 2730 596 2804 muneris
627 2722 737 2806 officia
769 2733 983 2832 pertinebat,
1009 2775 1058 2793 -
1079 2733 1150 2806 sive
1177 2732 1223 2805 ad
1250 2757 1322 2806 rem
1354 2755 1484 2804 sacram
1507 2753 1577 2802 una
1601 2753 1682 2802 cum
1707 2728 1784 2802 aliis

274 2846 363 2918 bene
386 2847 693 2935 administrandam
717 2850 772 2922 vel
793 2849 1057 2936 moderandam,
1072 2890 1122 2904 —-
1136 2849 1206 2922 sive
1228 2849 1273 2921 ad
1294 2848 1526 2947 quodcunque
1548 2845 1785 2944 cujuscunque

275 2964 411 3061 generis
430 2965 609 3060 negotium
630 2965 762 3038 bonum
783 2965 967 3038 honestum
985 2973 1021 3038 et
1036 2965 1121 3039 utile
1139 2966 1331 3063 gerendum
1346 2971 1408 3039 aut
1426 2963 1725 3050 constituendum,
1736 3007 1785 3022 ·-

271 3081 308 3156 id
343 3082 545 3180 praesertim
577 3082 671 3154 omni
708 3107 772 3181 ope
807 3082 1026 3159 efficiendum
1056 3107 1130 3157 esse
1163 3083 1339 3172 censebat,
1364 3091 1405 3156 ut
1435 3107 1571 3157 summa
1595 3081 1787 3181 Religionis

278 3199 494 3274 Christianae
511 3201 720 3298 praestantia
737 3201 860 3276 clarius
878 3201 1160 3301 splendidiusque
1171 3203 1389 3290 enitesceret,
1407 3201 1632 3301 ejusdemque
1647 3209 1786 3276 sanctus

276 3319 409 3406 cultus,
435 3319 481 3392 ad
503 3318 591 3393 bene
620 3321 789 3418 beateque
814 3321 999 3394 vivendum
1023 3321 1223 3420 aptissimus
1248 3329 1284 3396 et
1306 3321 1579 3409 efficacissimus,
1604 3319 1709 3395 etiam
1735 3333 1786 3394 at-

273 3463 342 3536 que
376 3438 481 3512 etiam
512 3449 783 3537 promoveretur,
827 3440 921 3538 Ergo
946 3439 1035 3514 hanc
1056 3441 1169 3539 ipsam
1191 3441 1375 3540 perfectius
1398 3464 1620 3538 cognoscere,
1645 3447 1680 3511 et
1701 3439 1785 3512 alios

272 3555 398 3629 melius
421 3555 560 3644 dooere,
585 3583 689 3632 suum
716 3557 867 3632 officium
883 3557 1071 3657 judicabat.
1120 3559 1199 3634 Hoc
1221 3560 1253 3634 ei
1275 3569 1348 3635 erat
1365 3558 1683 3657 persuasissimum,
1705 3558 1782 3630 nul-

270 3673 410 3772 lamque
445 3698 563 3748 curam
592 3683 654 3750 aut
684 3701 846 3776 operam,
880 3677 1017 3751 nullum
1049 3677 1220 3766 laborem,
1255 3679 1409 3754 nullasve
1434 3679 1653 3753 difficultates
1680 3701 1780 3776 supe·

269 3794 413 3882 tendas,
449 3794 631 3869 verebatur
663 3807 725 3872 aut
757 3796 905 3885 vitabat,
938 3803 979 3871 ut
1010 3805 1046 3872 et
1076 3797 1158 3872 fidei
1181 3805 1217 3872 et
1245 3799 1458 3898 persuasioni
1480 3797 1719 3897 responderet,
1746 3805 1781 3870 et

270 3913 380 3988 officio
405 3920 440 3987 et
466 3914 634 4022 vocationi
658 3915 876 3993 satisfaceret.

320 4031 376 4109 Ob
412 4033 514 4108 hasce
551 4033 696 4110 virtutes
730 4060 927 4136 magnaque
962 4036 1007 4111 cb
1038 4036 1161 4112 merita
1189 4045 1224 4112 et
1256 4039 1366 4114 multa
1401 4036 1491 4112 bene
1526 4035 1635 4124 lacta,
1672 4059 1779 4134 quam

268 4176 368 4227 carus
390 4151 511 4241 fuerit,
545 4161 581 4228 et
606 4156 729 4253 quanti
755 4156 801 4231 sit
826 4156 1047 4244 aestimatus,
1070 4155 1130 4230 illo
1155 4157 1297 4256 quidem
1318 4157 1474 4234 luctuoso
1498 4154 1778 4231 desideratissimi

270 4270 425 4346 defuncti
461 4275 703 4371 exsequiarum
738 4275 813 4366 die,
847 4275 960 4350 verbis
996 4275 1266 4366 candidissimis,
1301 4278 1347 4353 ad
1377 4277 1572 4376 sepulcrum
1597 4275 1781 4350 solenniter

269 4391 520 4488 pmnuntiatis,
558 4394 754 4494 magnaque
787 4393 983 4493 frequentia
1011 4395 1219 4495 collegarum
1249 4397 1437 4474 amicorum
1467 4395 1712 4494 discipulorum
1730 4400 1779 4467 .et

269 4505 396 4582 civium
420 4511 600 4602 adstante,
624 4513 890 4614 praeclarissime
913 4537 1114 4614 expressum
1137 4515 1247 4608 est⁸).

307 4694 332 4768 ¹)
353 4693 418 4754 vit
439 4699 592 4758 Amantio
610 4699 665 4763 1v.

307 4787 399 4862 ¹).De
419 4788 526 4869 scriptis
546 4793 590 4852 cl.
610 4811 672 4855 vars
693 4795 798 4859 Ooanr
819 4795 873 4859 vid.
892 4797 1047 4860 Anaotats'c
1067 4797 1116 4860 v1.

306 4882 333 4957 ⁸)
353 4881 418 4944 vid.
438 4887 591 4948 decantatio
610 4889 647 4948 V.
