4986 6200
920 734 1194 830 enarro
1461 821 1463 826 Ι
1792 735 1867 804 a,
1955 819 1959 826 1

354 941 491 1018 Accado
512 943 619 1040 igitur
643 941 687 1015 ad
706 940 800 1014 illam
822 942 991 1027 muneris,
1016 942 1102 1014 mihi
1120 942 1222 1016 hodic
1242 940 1442 1039 praesertim
1463 939 1636 1027 mandati,
1660 945 1811 1036 partem,

306 1067 375 1159 qud
411 1063 454 1134 de
487 1060 555 1148 iis,
581 1085 689 1158 qnae,
718 1084 774 1133 me
800 1061 963 1146 Rectore,
988 1061 1195 1134 Academiae
1220 1084 1382 1158 prospera
1403 1063 1607 1152 evenerunt,
1633 1057 1812 1156 tristiaque

306 1189 342 1252 et
369 1179 519 1278 lugenda
544 1179 759 1264 acciderunt,
792 1177 878 1252 mihi
908 1185 961 1252 est
987 1179 1337 1252 commemorandum.
1388 1179 1546 1276 Mihique
1569 1177 1702 1251 utinam
1726 1171 1812 1250 acci-

305 1299 434 1385 disset,
469 1299 579 1396 qnod,
615 1323 695 1372 cum
724 1297 969 1395 Magistratum
996 1298 1262 1396 capessiveram,
1296 1297 1411 1394 optavi
1443 1297 1669 1395 ardenterque
1698 1296 1812 1382 oravi,

306 1425 345 1488 ut
367 1417 462 1492 nulla
483 1417 551 1490 nisi
578 1417 666 1490 bona
686 1425 721 1490 et
746 1417 904 1490 lactanda
925 1417 1012 1490 mihi
1035 1417 1147 1491 forent
1169 1416 1375 1492 enarranda!
1426 1415 1476 1488 At
1501 1415 1592 1490 bona
1617 1416 1727 1490 multa
1747 1417 1813 1486 etsi
1901 1415 1905 1424 '

304 1529 408 1608 Deus
435 1536 599 1634 Optimus
628 1536 728 1610 nobis
756 1535 900 1634 largitus
926 1545 998 1624 est,
1029 1561 1159 1637 proque
1185 1537 1238 1610 his
1267 1535 1333 1609 etsi
1354 1536 1512 1632 ingentes
1536 1533 1663 1632 gratias
1687 1532 1813 1630 agendi

305 1653 404 1728 nobis
429 1663 482 1728 est
504 1655 682 1740 materies,
708 1655 877 1753 prosperis
901 1663 1018 1729 tamen
1041 1657 1236 1730 tristissima
1261 1655 1369 1728 mixta
1392 1654 1543 1728 fuerunt.

352 1775 398 1844 nt
431 1772 503 1869 jam
537 1773 653 1846 statim
685 1773 807 1846 acerbo
839 1773 1006 1848 efficimur
1039 1775 1175 1863 dolore,
1208 1775 1237 1848 si
1268 1773 1572 1872 Amplissimorum
1606 1771 1813 1844 Ouratorum
1906 1745 1909 1750 ⁵
1959 1787 1963 1804 ¹

168 1883 173 1896 ’
304 1890 472 1964 Ordinem
504 1892 690 1966 intuemur.
741 1892 901 1967 Vacuum
933 1919 1083 1992 namque
1115 1895 1287 1968 cernimus
1317 1894 1449 1980 locum,
1482 1889 1684 1989 dignissime
1711 1914 1814 1988 quem

303 2009 436 2097 tenuit,
471 2010 746 2108 splendidissime
771 2019 875 2109 quem
901 2013 1053 2102 ornavit,
1084 2013 1147 2086 Vir
1169 2002 1415 2104 Ndbilissimus
1437 2019 1473 2085 et
1496 2008 1814 2085 Excellentissimus

305 2128 500 2203 Hnnnrcns
525 2129 687 2206 Jaconus
712 2131 817 2204 Bono
843 2155 916 2203 vau
940 2133 1074 2205 Doonu
1098 2156 1173 2207 vnn
1196 2133 1486 2206 Wrsrrrarnnrn.

350 2249 556 2322 calamitate
596 2250 783 2324 domestici
827 2250 976 2348 graviter
1015 2251 1195 2340 adflictus,
1232 2295 1298 2354 ---Α
1318 2251 1446 2326 fractus
1486 2248 1553 2323 nisi
1585 2249 1672 2322 forte
1709 2248 1814 2320 animi

302 2368 439 2454 dolore,
475 2394 517 2441 ex
552 2367 671 2466 iniqua
709 2396 745 2444 re
776 2379 959 2468 percept0,
981 2415 1031 2433 ·-
1053 2372 1248 2445 valetudine
1269 2380 1360 2445 certe
1384 2393 1550 2469 perquam
1577 2367 1718 2441 adversat
1742 2391 1813 2439 cor-

303 2495 443 2584 reptus,
478 2531 526 2543 -
561 2489 627 2562 etsi
659 2489 846 2587 periculose
887 2489 1029 2587 quidem
1064 2497 1317 2608 aegqotaverat,
1351 2491 1400 2564 ita
1433 2496 1472 2561 ut
1504 2511 1623 2562 omnes
1659 2479 1701 2558 de
1740 2484 1814 2556 Viri
1925 2549 1930 2562 .

304 2605 621 2702 praecellentissimi
656 2609 724 2680 vias
757 2609 907 2681 maxime
936 2607 1071 2682 solliciti
1091 2633 1264 2697 essemus,
1289 2617 1406 2683 tamen
1433 2614 1472 2681 ut
1494 2606 1595 2693 Suis,
1620 2610 1661 2677 ut
1682 2603 1811 2688 Nobis,

303 2732 341 2796 ut
371 2725 478 2823 Regi,
513 2734 553 2799 ut
586 2727 723 2802 Patriae
749 2727 1127 2824 redderetur‚'sperare
1150 2752 1250 2824 posse
1276 2729 1377 2802 nobis
1402 2725 1621 2800 videbamur.'
1664 2723 1814 2820 Jamque

302 2843 388 2913 mihi
425 2829 640 2939 gratulabar,
674 2845 745 2926 fore
781 2853 838 2928 ut,
871 2843 935 2914 hdo
966 2844 1187 2930 solennitate,
1221 2845 1369 2940 gratiam
1392 2842 1656 2916 sincerissimam
1676 2865 1813 2937 possem

301 2959 445 3045 referre,
481 2983 549 3032 non
583 2959 687 3038 modo
715 2960 760 3030 ob
796 2959 963 3031 Ordinem
990 2959 1172 3048 Vestrum,
1208 2960 1283 3032 Viri
1303 2957 1539 3056 Amplissimil
1565 2959 1691 3053 magna
1718 2957 1813 3051 clade

261 3091 263 3096 ’
303 3075 416 3150 adhuc
437 3076 649 3163 immunem,
675 3083 711 3149 at
733 3076 787 3149 vel
809 3075 914 3150 etiam
935 3075 980 3149 ob
1002 3075 1126 3150 Virum
1147 3077 1450 3166 honestissimum,
1475 3074 1582 3150 animi
1607 3075 1822 3162 constantii,

303 3195 372 3268 fide
406 3203 443 3292 et
474 3193 649 3268 verissimo
678 3194 813 3268 Patriae
840 3219 956 3269 amore
985 3195 1295 3294 spectatissimum,
1323 3220 1468 3296 genere,
1493 3193 1555 3268 sed
1576 3193 1688 3292 magis
1711 3193 1815 3267 etiam

304 3315 435 3412 ingenii
457 3302 666 3412 praestantii
688 3321 723 3386 et
741 3313 837 3388 cultu
858 3313 1042 3413 animoque
1061 3315 1214 3405 excelso,
1242 3340 1317 3390 vere
1336 3313 1609 3402 nobilissimum,
1634 3319 1669 3386 et
1689 3312 1816 3385 virtute

303 3433 396 3506 haud
433 3433 548 3506 minus
587 3458 692 3531 qnam
730 3434 882 3506 muneris
914 3434 1083 3534 dignitate
1118 3435 1389 3533 amplissimum,
1424 3433 1469 3507 ob
1505 3433 1618 3518 hunc,
1651 3429 1815 3529 inquam,

264 3544 269 3550 ’
304 3552 448 3640 Virum,
482 3577 588 3650 quem
620 3577 740 3625 omnes
769 3552 919 3626 maxime
952 3554 1200 3652 suspiciebant,
1230 3554 1522 3629 convalescentem
1542 3551 1711 3648 nobisque
1734 3574 1813 3624 con·

306 3679 488 3746 servatum.
538 3675 589 3746 At
607 3673 683 3746 Deo
704 3671 963 3770 sapientissimo
983 3671 1081 3746 aliter
1099 3671 1229 3746 visum!
1255 3673 1474 3770 maximoque
1493 3672 1590 3745 luctu
1606 3677 1642 3743 et
1659 3694 1810 3743 moerore

304 3815 424 3864 sumus
451 3789 588 3879 afflicti,
613 3791 707 3878 Nos,
733 3791 795 3888 qui
815 3791 943 3864 levatos
966 3789 1037 3889 jam
1061 3791 1133 3890 jam
1154 3797 1290 3865 nosmet
1312 3791 1405 3891 ipsos
1427 3789 1672 3889 opinabamur!

352 3909 571 4008 Amplissimi
605 3910 759 3984 defuncti
789 3909 894 3983 vitam
920 3935 1088 4009 exponere
1111 3909 1155 3984 ab
1177 3909 1287 3984 officio
1311 3935 1389 3984 meo
1410 3910 1561 3984 alienum
1580 3931 1712 3984 censeo.
1763 3909 1812 3980 At

302 4053 382 4103 vero
418 4029 542 4118 etiam,
581 4029 611 4102 si
643 4029 708 4104 hoc
743 4029 921 4128 negotium
955 4016 1042 4102 mihi
1078 4036 1168 4104 esset
1203 4029 1427 4118 mandatum,
1466 4029 1553 4102 vires
1587 4052 1681 4102 meas
1712 4027 1813 4126 plane

302 4149 449 4247 impares
481 4147 672 4247 judicarem
704 4156 739 4222 et
774 4173 849 4222 esse
878 4148 1029 4247 ingenue
1057 4149 1245 4224 confiterer.
1295 4150 1483 4238 Attamen,
1508 4147 1603 4247 quod
1626 4147 1663 4220 in
1687 4170 1811 4246 genere

302 4275 337 4340 et
379 4267 499 4366 paucis
546 4267 590 4342 de
635 4267 711 4341 Viri
755 4267 1036 4364 desideratissimi
1077 4269 1212 4369 magnis
1257 4268 1388 4344 meritis
1422 4291 1610 4342 memorare
1647 4291 1811 4364 possum,

301 4387 423 4461 dicam.

350 4506 440 4578 Onm
454 4555 457 4562 ·
471 4505 579 4605 igitur
602 4507 741 4606 ingenio
763 4508 888 4582 eximio
910 4517 945 4582 et
966 4509 1163 4584 acutissimo
1183 4515 1274 4584 esset
1293 4509 1490 4609 praeditus,
1514 4507 1609 4582 haud
1630 4507 1678 4580 ita
1700 4507 1810 4579 multo

302 4633 507 4722 postquam,
540 4649 631 4700 anno
667 4629 781 4714 1807,
814 4627 895 4701 huic
919 4613 1146 4718 Academiae,
1178 4628 1415 4704 celeberrimos
1438 4628 1475 4702 in
1498 4627 1568 4727 qua
1590 4633 1713 4702 nactus
1737 4633 1810 4700 erat

304 4743 563 4840 Praeceptores,
595 4745 819 4832 valedixerat,
854 4749 988 4821 summi
1013 4747 1182 4824 excellens
1204 4747 1405 4823 eruditionis
1431 4754 1466 4822 et
1488 4745 1662 4824 doctrinae
1687 4745 1809 4832 laude,
1938 4747 1945 4760 '

276 4885 340 4932 se
375 4885 530 4936 exercere
565 4864 678 4962 coepit
711 4864 748 4938 in
782 4865 952 4963 ejusmodi
981 4868 1148 4942 curriculo
1172 4868 1373 4957 honorifico,
1398 4877 1468 4968 quo
1493 4867 1538 4944 ad
1562 4865 1809 4968 rempublicam
