4986 6200
907 673 1183 744 oalrro.
1746 673 1788 740 11

278 883 316 960 in
339 891 412 962 arte
435 882 570 959 mediet
591 881 736 956 honores
758 879 960 956 tribuendos
981 907 1055 956 esse
1074 880 1295 980 judicabant,
1321 903 1449 977 quum,
1474 903 1565 954 anno
1591 883 1703 967 1795,
1729 880 1785 954 die

281 1010 329 1079 14
363 1000 588 1090 Novembris,
623 1000 759 1075 docum
788 1025 809 1074 a
838 1025 874 1074 se
897 1002 1122 1101 conscriptam
1144 999 1417 1074 dissertationem
1439 1003 1481 1074 de
1504 1003 1629 1108 vomite
1647 997 1785 1098 publice
1890 1033 1894 1040 ·

160 1197 162 1200 .
280 1123 488 1198 defenderat.

329 1241 541 1318 Medicinam
574 1239 611 1312 in
643 1239 729 1312 urbe
759 1238 866 1312 natali
891 1261 1046 1312 exercere
1071 1238 1202 1336 eoepit,
1227 1237 1354 1334 idque,
1377 1262 1439 1336 per
1457 1238 1600 1338 triginta
1624 1238 1786 1337 deinceps

169 1409 173 1422 ·
280 1383 409 1446 annos,
433 1357 628 1432 felicissime
648 1366 684 1431 et
701 1355 935 1431 laudatissime
952 1356 1062 1431 faeere
1080 1357 1237 1456 perrexit.
1278 1356 1381 1430 Praxi
1401 1366 1636 1431 verumtamen
1654 1355 1788 1431 mediet

279 1477 534 1577 aegrotantium
566 1477 670 1551 saluti
705 1475 829 1550 servire
861 1497 930 1550 non
965 1476 1047 1550 satis
1081 1475 1148 1549 sibi
1184 1473 1352 1562 ducebat,
1389 1481 1425 1550 at
1458 1499 1537 1548 vero
1570 1476 1682 1573 magis
1713 1499 1787 1549 sese

280 1595 435 1683 erudire,
461 1593 724 1692 studiorumque
745 1592 818 1690 ipse
838 1592 1111 1679 amantissimus,
1137 1591 1261 1665 studiis
1281 1591 1386 1667 etiam
1405 1601 1508 1691 atque
1529 1592 1633 1667 etiam
1651 1617 1789 1691 operam
1817 1595 1820 1600 ’

280 1714 363 1788 dare
386 1713 480 1788 baud
504 1710 679 1798 cessabat,
704 1731 908 1809 germanum
926 1710 1122 1785 Medicinae
1145 1711 1330 1784 Ductorem
1356 1710 1510 1785 doctrina
1534 1710 1671 1785 assidue
1694 1735 1791 1809 prae·

281 1843 375 1905 stare
405 1839 561 1928 oportere
595 1836 686 1904 recte
717 1829 893 1928 judicans,
929 1829 1076 1927 ideoque
1103 1837 1138 1903 et
1166 1831 1203 1902 in
1226 1830 1310 1904 artis
1334 1830 1607 1905 emolumentum
1627 1837 1792 1932 perpetuo

280 1973 354 2024 asse
388 1949 630 2023 meditandum
657 1957 693 2022 et
720 1947 974 2022 lucubrandum
997 1948 1043 2022 ad
1068 1948 1224 2047 ejusdem
1246 1945 1434 2024 officiorum
1455 1956 1630 2023 momenta
1652 1949 1793 2024 omnino

280 2067 462 2168 pertinere.
511 2069 559 2141 nt
591 2068 681 2142 facto
715 2066 857 2166 quidem
890 2066 1042 2142 ostendit
1083 2067 1169 2165 quid
1207 2067 1252 2141 eit
1287 2066 1396 2156 illud,
1430 2074 1601 2165 praestare
1637 2069 1723 2142 velle
1759 2077 1795 2142 et

279 2211 379 2285 posse
401 2185 532 2260 utiliter
552 2186 598 2260 ad
624 2186 797 2260 doctrinae
820 2193 855 2259 et
880 2186 962 2260 artis
989 2185 1174 2260 utilitatem
1197 2186 1359 2262 conferre.
1409 2187 1547 2261 Etenim
1571 2194 1742 2286 quantum
1762 2188 1795 2260 ei

280 2315 353 2379 erat
387 2305 472 2392 otii,
508 2311 642 2380 tantum
676 2305 801 2380 studiis
828 2304 1092 2404 suppeditabat,
1118 2305 1295 2403 doctisque
1324 2307 1671 2382 commentationibus
1696 2331 1794 2406 prae·

174 2423 176 2438 '
280 2422 424 2509 bandis,
462 2423 532 2496 sive
560 2422 686 2511 etiam,
717 2447 889 2498 unacum
912 2423 987 2498 aliis
1013 2423 1161 2498 Medicis
1185 2423 1450 2522 expertissimis,
1474 2425 1632 2524 publicae
1652 2425 1794 2500 notitiae

282 2541 476 2630 tradendo,
513 2565 594 2616 cum
626 2542 720 2641 qnod
754 2567 797 2616 ex
827 2543 973 2617 aliorum
1002 2549 1080 2616 tum
1102 2543 1197 2642 quod
1221 2568 1265 2617 ex
1286 2543 1433 2643 propriis
1456 2544 1739 2620 meditationibus
1761 2553 1797 2620 et

281 2660 606 2759 investigationibus
638 2662 841 2760 collegerat,
876 2661 1075 2760 disciplinae
1105 2670 1141 2736 et
1175 2662 1240 2737 arti
1272 2663 1425 2736 medicae
1453 2664 1583 2762 optime
1612 2664 1737 2738 servire
1760 2671 1795 2738 et

283 2778 446 2875 prodesse
473 2803 574 2876 posse
603 2803 742 2852 omnem
766 2802 904 2875 operam
928 2777 1033 2850 dabat
1062 2781 1104 2866 ¹).
1155 2779 1314 2874 Cumque
1339 2780 1377 2851 in
1401 2787 1473 2853 arte
1495 2782 1701 2868 exercendis,
1727 2783 1797 2855 sive

283 2895 447 2992 privatim
479 2895 550 2968 sive
579 2895 718 2993 publice
753 2894 797 2984 (si
830 2894 971 2990 quidem
1002 2902 1038 2967 et
1066 2895 1228 2968 Poliateri
1252 2896 1460 2993 provinciam
1482 2899 1628 2996 Debita
1650 2900 1797 2974 admini-

284 3013 451 3104 strabat),
498 3012 647 3086 maxime
688 3017 896 3108 praestaret,
941 3011 1100 3084 meritam
1143 3011 1317 3116 doctrinae
1352 3038 1423 3088 non
1456 3017 1560 3089 modo
1596 3016 1658 3091 sed
1694 3018 1800 3094 etiam

286 3153 437 3228 magnae
459 3129 601 3228 peritiae
625 3131 754 3204 famam
776 3129 842 3203 sibi
865 3130 1082 3228 comparavit.
1132 3131 1179 3203 Et
1202 3131 1294 3206 bono
1316 3157 1385 3232 quo
1406 3143 1479 3207 erat
1497 3134 1654 3233 ingenio,
1680 3137 1800 3211 subtili

287 3247 445 3324 doctrind
475 3247 704 3336 conformato,
738 3248 877 3323 assiduat
908 3248 1130 3323 meditatione
1168 3249 1330 3349 variique
1361 3252 1601 3328 exercitatione
1637 3255 1799 3346 subacto,

287 3391 307 3440 e
342 3365 447 3464 longia
487 3390 568 3440 sane
607 3367 749 3464 quidem
783 3367 1016 3466 diutumdque
1053 3369 1284 3467 experientiis,
1322 3371 1475 3469 quotidie
1508 3373 1624 3470 quari,
1662 3375 1802 3474 largiter

287 3485 471 3559 hauriendi
497 3486 595 3584 copia
623 3486 656 3559 ei
678 3493 767 3575 erat,
794 3495 830 3560 et
854 3487 978 3560 hausta
1002 3487 1089 3560 bene
1116 3488 1326 3575 adhibendi,
1350 3497 1430 3577 aut,
1457 3491 1503 3564 ad
1528 3492 1565 3564 id
1585 3492 1799 3584 laciendum,

286 3603 520 3702 praecipiendi
555 3594 745 3701 quamlibet
775 3605 1068 3704 opportunitatem
1101 3605 1199 3678 avide
1229 3606 1414 3704 adpetebat
1444 3616 1479 3683 et
1506 3611 1699 3709 arripiebat.
1749 3616 1799 3688 At

286 3729 359 3796 erat
383 3721 555 3820 imprimis
574 3721 611 3794 in
634 3747 674 3796 eo
693 3747 820 3822 magna
845 3723 981 3798 solertia
1002 3731 1037 3797 ot
1056 3723 1144 3797 mira
1164 3725 1333 3821 quaedam
1355 3725 1516 3816 facultas,
1542 3754 1604 3803 seu
1621 3733 1798 3830 proprium

287 3841 514 3939 nativumque
547 3865 715 3931 acumen,
749 3867 819 3940 qno
842 3843 1016 3942 protinus,
1042 3843 1087 3917 ad
1109 3845 1361 3942 aegrotantium
1389 3846 1547 3936 lectulos,
1571 3851 1798 3948 aegritudinis

287 3959 441 4034 morbive
474 3965 634 4035 naturam
671 3969 707 4035 et
735 3962 903 4049 indolem,
937 3986 1077 4036 caumm
1109 3962 1345 4050 vellentem,
1378 3965 1468 4039 claro
1495 3975 1529 4040 et
1556 3976 1674 4066 aperto
1702 3970 1797 4044 velut
1897 4061 1900 4068 Ι

287 4080 406 4167 oculo,
443 4078 651 4178 agnoscebat
679 4087 741 4155 aut
773 4080 957 4180 detegebat
990 4089 1026 4155 et
1050 4081 1298 4180 perspiciebat,
1329 4090 1406 4156 tum
1437 4109 1534 4173 vero,
1568 4087 1718 4185 quanam
1743 4090 1798 4163 vid

288 4198 441 4296 optima,
483 4197 520 4272 in
556 4200 727 4287 amande,
767 4199 797 4273 si
834 4208 968 4298 posset,
1002 4200 1276 4299 procedendum,
1313 4203 1430 4277 statim
1463 4205 1603 4280 videbat
1634 4215 1669 4280 et
1706 4216 1796 4283 reete

289 4316 504 4391 monstrabat
527 4317 583 4390 vel
606 4317 847 4416 praecipiebat.
1751 4387 1755 4394 .

341 4436 438 4510 Haeo
470 4459 540 4509 non
574 4435 742 4526 latebant,
778 4444 815 4512 at
847 4439 1043 4524 celebritate
1076 4440 1192 4539 potius
1229 4441 1366 4540 cognita
1397 4450 1504 4516 erant.
1564 4445 1794 4542 Quapropter,

292 4577 427 4652 quum,
461 4579 552 4629 anno
587 4557 940 4643 reascendentes
975 4566 1110 4634 nostrae
1141 4559 1325 4634 Curatores
1355 4561 1511 4635 illustres
1547 4560 1799 4650 deliberabant,

335 4807 360 4889 ¹)
380 4811 443 4873 Vid.
465 4813 616 4876 Amtatio
635 4817 701 4878 vn.

1587 4927 1610 4996 3
