4986 6200
742 685 784 752 56
1031 701 1035 708 ·
1307 681 1358 752 ·G.
1392 685 1422 751 J.
1456 681 1678 754 Vlllllldll

797 890 928 967 Verum
952 891 1044 965 enim
1069 915 1147 964 vero
1169 913 1234 978 na,
1259 889 1353 987 quod
1373 889 1410 964 in
1438 901 1563 988 genere
1586 889 1654 964 huc
1680 913 1790 987 usquc
1813 889 1984 989 spectavi,
2010 888 2258 988 particulariter

747 1016 885 1085 tantum
911 1009 1020 1084 valere
1041 1011 1216 1097 videatur,
1239 1033 1345 1096 neve,
1371 1001 1477 1107 quam
1500 1009 1704 1108 reprehendi
1725 1008 1994 1108 negligentiam,
2020 1009 2257 1084 tantummodo

747 1153 936 1228 paucorum
971 1129 1150 1228 praecipiti
1184 1128 1299 1202 studio
1332 1152 1372 1202 ac
1404 1128 1556 1202 incuriae
1589 1127 1809 1202 tribuendam
1843 1152 1917 1202 esse
1949 1128 2185 1218 existimetur,
2216 1129 2258 1202 dc

749 1247 959 1346 quibusdam
995 1247 1188 1347 praecipuis
1223 1248 1413 1346 praeceptis
1445 1246 1550 1321 nimis
1579 1249 1765 1347 neglectis,
1802 1253 1863 1322 aut
1899 1247 1942 1322 de
1972 1249 2147 1323 nonnullis
2178 1249 2259 1324 locis

748 1352 1018 1466 insignioribus,
1050 1365 1214 1466 permulti
1238 1391 1325 1464 quos
1355 1367 1491 1466 saepius
1521 1391 1591 1442 non
1624 1367 1848 1442 observarunt
1874 1373 1936 1442 aut
1962 1367 2139 1442 interdum
2163 1393 2259 1467 prae·

749 1485 917 1558 terierunt
928 1520 937 1573 3
976 1485 1124 1559 breviter
1160 1485 1271 1560 dicam
1307 1494 1368 1561 aut
1399 1492 1664 1562 commemorem
1695 1494 1840 1586 oportet.
1899 1487 1974 1562 Aut
2001 1487 2140 1586 potius,
2171 1488 2259 1562 hanc

748 1603 835 1676 mihi
870 1603 958 1677 detis
989 1605 1146 1693 veniam,
1181 1605 1225 1680 A.
1248 1606 1292 1680 A.
1317 1606 1364 1680 H.
1388 1606 1448 1680 Hl
1483 1617 1523 1681 ut
1555 1631 1674 1681 eorum
1710 1605 1881 1705 quaedam
1915 1607 2064 1680 breviter
2099 1614 2259 1706 tangam,

750 1721 862 1818 deque
891 1721 984 1796 hisce
1016 1749 1127 1822 pauca
1152 1724 1263 1798 fusius
1288 1726 1543 1823 quodammodo
1570 1726 1746 1824 explicem.
1797 1727 1882 1800 Jure
1902 1750 2053 1826 namque
2075 1751 2115 1800 aa
2140 1727 2261 1801 merito

745 1841 868 1940 ¹quaeri
899 1851 1036 1940 posset,
1073 1869 1243 1941 quaenam
1280 1844 1415 1943 proprie
1454 1845 1523 1918 sint
1553 1845 1613 1918 illa
1644 1845 1785 1936 rationis
1817 1845 2007 1944 principia,
2043 1871 2132 1944 quae
2163 1844 2262 1944 sequi

748 1961 852 2034 nimis
874 1963 1088 2060 neglexerint
1114 1965 1217 2038 multi
1236 1964 1493 2052 Mathematici,
1527 1972 1588 2038 aut
1616 1989 1722 2063 quam
1748 1963 1889 2062 quidem
1912 1990 2070 2039 normam
2095 1973 2258 2063 systema-

747 2080 870 2168 ticam,
905 2082 942 2155 in
973 2083 1231 2182 disciplinarum
1265 2084 1587 2158 mathematicorum
1625 2085 1838 2182 argumentis
1870 2084 2127 2159 considerandis
2154 2086 2260 2182 inque

751 2199 895 2273 materie
929 2203 1127 2290 tractandi,
1164 2203 1300 2302 saepius
1336 2203 1528 2278 dimiserint
1556 2229 1596 2279 ac
1632 2205 1849 2302 reliquerint,
1882 2205 1933 2280 ita
1957 2213 2016 2292 ut,
2050 2206 2080 2278 si
2105 2204 2279 2304 ejusdem,

747 2327 914 2416 perpetuo
946 2329 981 2394 et
1015 2321 1197 2420 diligenter
1232 2324 1401 2397 rationem
1432 2322 1653 2412 habuissent,
1691 2325 1754 2398 has
1784 2325 1877 2423 ipsas
1906 2323 2104 2422 disciplinas
2136 2323 2304 2440 meliust.

604 2519 607 2524 ,
747 2439 952 2513 constitutas
976 2440 1083 2514 luisse
1104 2443 1284 2541 multoque
1307 2443 1411 2517 latius
1436 2442 1623 2540 patefactas
1647 2443 1829 2517 verisimile
1855 2444 1910 2518 sit.

804 2557 936 2655 Igitur,
973 2560 1255 2658 quandoquidem
1289 2586 1310 2634 a
1343 2559 1518 2658 principiis
1547 2558 1592 2632 sit
1616 2559 1839 2649 ordiendum,
1864 2561 1948 2635 haec
1969 2562 2136 2660 imprimis
2160 2562 2262 2633 firma

624 2701 625 2706 ¹
755 2675 824 2750 sint
861 2677 1065 2778 stabiliaque
1095 2688 1239 2779 oportet.
1290 2675 1459 2754 Notiones
1489 2703 1604 2754 rerum
1635 2680 1753 2778 itaque
1780 2680 1849 2754 sint
1874 2689 2069 2770 accuratae,
2100 2703 2195 2752 verae
2219 2703 2262 2752 ac

745 2797 955 2871 necessariae
991 2799 1179 2876 earundem
1214 2804 1331 2872 notae.
1390 2797 1527 2871 Deinde
1559 2797 1739 2886 omnium,
1772 2823 1889 2895 quae;
1911 2823 1972 2896 per
1995 2807 2116 2884 notas,
2143 2795 2263 2870 simili-

744 2915 903 2990 tudinem
934 2917 1086 3012 aliquam
1123 2918 1253 2990 habent
1279 2923 1315 2986 et
1343 2916 1602 3010 cognationem,
1629 2925 1748 2990 exacta
1774 2919 1835 2990 fiat
1859 2917 2075 3011 distributim
2102 2922 2143 2988 ut
2163 2924 2276 2989 acute·

747 3033 961 3106 discernatur
997 3056 1085 3127 quae
1125 3033 1220 3127 paria
1256 3037 1337 3101 sunt
1369 3053 1526 3126 quaeque
1560 3031 1732 3126 subjecta,
1775 3040 1837 3103 aut
1873 3033 2001 3126 quibus
2038 3032 2195 3126 subjecta
2231 3039 2268 3106 et

719 3149 922 3247 quomodo
944 3144 1167 3243 disponenda.
1219 3146 1404 3242 Denique,
1429 3171 1517 3242 quae
1542 3171 1561 3218 e
1586 3147 1763 3244 principiis
1787 3157 1950 3222 emanant
1973 3157 2008 3221 et
2028 3149 2267 3237 efflorescunt,

745 3275 822 3360 tum
854 3265 960 3352 etiam
994 3290 1103 3362 quae,
1139 3290 1181 3338 ex
1213 3263 1448 3338 similitudinis
1472 3265 1603 3338 ratione
1626 3275 1855 3363 congruenter
1879 3267 1955 3341 clici
1977 3247 2145 3366 possunt,
2170 3275 2267 3342 recte

744 3391 780 3460 et
799 3391 893 3460 certo
914 3383 1167 3480 dijudicentur,
1193 3388 1229 3456 et
1246 3381 1383 3480 singula
1401 3383 1465 3456 rite
1488 3383 1698 3482 digerantur.
1739 3385 1945 3460 Praesertim
1965 3387 2001 3460 in
2022 3387 2076 3459 his
2098 3385 2265 3461 omnibus

748 3505 793 3579 ad
824 3511 1006 3603 praecepta
1033 3502 1076 3575 de
1107 3501 1178 3576 veri
1205 3501 1296 3574 notis
1323 3502 1574 3576 universalibus
1592 3505 1851 3602 cognoscendis
1876 3513 1911 3578 et
1934 3505 2189 3603 distinguendis
2210 3515 2265 3579 est

748 3623 1019 3709 attendendum,
1045 3624 1240 3719 magnique
1260 3623 1341 3694 curt
1366 3628 1401 3694 et
1423 3620 1602 3720 diligentia
1628 3623 1739 3697 omnis
1767 3623 1822 3698 hic
1848 3623 1943 3698 locus
1968 3631 2021 3697 est
2044 3625 2261 3700 consideran-

751 3741 817 3815 dus
840 3748 875 3814 et
897 3739 1181 3839 perpendendus,
1216 3737 1386 3837 siquidem
1406 3741 1517 3840 totius
1544 3741 1743 3841 disciplinae
1764 3767 1834 3816 non
1855 3741 1957 3816 modo
1977 3745 2080 3818 cardo
2110 3743 2263 3831 exsistit,

750 3883 869 3934 verum
902 3858 1006 3932 etiam
1037 3858 1269 3931 constituendi
1293 3883 1454 3958 magnam
1487 3885 1587 3959 saepe
1614 3861 1719 3935 habet
1745 3861 1992 3936 difficultatem.
2043 3845 2263 3962 Quapropoer

702 4071 703 4078 ἵ
750 3979 893 4052 minime
928 3975 1147 4064 mirandum,
1180 3977 1269 4050 hanc
1291 3975 1403 4074 ipsam
1428 3977 1665 4052 difficultatem
1689 3979 1878 4054 multorum
1912 4003 2065 4054 errorum
2092 3979 2198 4053 fuisse
2225 3987 2263 4053 et

696 4079 699 4086 Δ
750 4124 825 4172 esse
852 4123 952 4196 posse
982 4121 1121 4170 causam
1155 4103 1190 4168 et
1220 4095 1369 4184 iontem,
1405 4095 1467 4170 sed
1499 4097 1633 4193 plures,
1657 4097 1750 4195 iique
1777 4098 1966 4196 graviores,
1992 4123 2035 4172 ex
2058 4098 2108 4172 rei
2128 4097 2260 4172 incuriis

748 4225 1076 4318 praeceptorumque
1100 4214 1260 4312 neglectu
1281 4215 1505 4313 prodierunt·

798 4335 958 4422 Etenim,
994 4335 1031 4408 in
1057 4332 1258 4439 notionibus
1281 4332 1529 4407 constituendis
1553 4335 1606 4407 vel
1628 4334 1831 4409 definiendis
1856 4335 2053 4434 saepissima
2076 4341 2281 4434 peccatum·

751 4479 825 4528 essc
854 4463 889 4528 et
918 4461 1092 4540 erratum,
1117 4453 1386 4527 animadvertere
1408 4477 1611 4552 possumus,
1636 4456 1731 4553 quod
1759 4455 1804 4530 ad
1829 4463 1989 4529 notarum
2017 4456 2195 4530 veritatem
2222 4461 2262 4554 et

751 4599 957 4663 numerum,
992 4599 1072 4648 cum
1102 4599 1222 4648 norma
1246 4572 1323 4659 illa,
1348 4615 1399 4630 -
1423 4596 1511 4669 quae
1533 4573 1719 4668 deliniendi
1744 4573 1880 4671 legibus
1904 4575 2122 4662 continetur,
2156 4579 2191 4647 et
2220 4573 2256 4645 in

663 4786 664 4791 Ἰ
752 4693 806 4766 his
842 4695 926 4792 ipsis
961 4693 1050 4768 clare
1078 4693 1296 4794 agnoscitur,
1327 4733 1379 4763 -.
1409 4697 1471 4765 aut
1500 4692 1617 4766 minus
1650 4699 1826 4781 accurate,
1861 4700 1923 4765 aut
1953 4692 2030 4781 vix,
2063 4718 2102 4767 ac
2131 4717 2175 4766 ne
2201 4691 2257 4764 vir

751 4811 913 4908 quidem,
948 4795 1187 4902 adhiberetur,
1222 4811 1344 4888 saltem
1375 4835 1444 4885 non
1469 4811 1629 4905 assidue,
1653 4819 1773 4910 utpote
1792 4819 2033 4910 praeceptum,
2057 4817 2254 4888 constanter
