4986 6200
788 675 792 684 '
888 698 1164 767 onrrro.
1573 785 1575 790 ¹
1739 698 1780 766 aa

272 931 352 986 mur
389 915 425 984 at
459 909 677 992 aberramus,
712 904 844 1004 ingenii
878 907 1038 1008 angustia
1072 907 1101 978 si
1137 907 1257 982 eadem
1294 911 1347 979 est
1365 903 1566 1007 “eademque
1601 903 1631 978 si
1658 900 1780 1002 judicii

273 1027 543 1129 praecipitantia.
587 1027 822 1124 'Quapropter
842 1025 985 1099 minime
1010 1025 1226 1113 mirandum,
1251 1009 1570 1099 mathematicam
1599 1020 1695 1096 haud
1715 1019 1779 1119 mi·

273 1171 342 1222 nas
372 1171 413 1219 ac
443 1145 653 1242 reliquarum
689 1141 946 1241 disciplinarum
977 1129 1190 1240 progressus
1214 1166 1288 1216 erse
1323 1167 1423 1240 posse
1457 1143 1667 1230 retardatos,
1703 1163 1779 1239 par·

273 1266 433 1362 tiumque
472 1261 699 1360 singularium
727 1260 1006 1360 investigationes
1036 1259 1151 1334 minus
1185 1267 1285 1333 acuta
1311 1285 1386 1334 esse
1414 1269 1637 1359 pertractatas
1669 1283 1782 1357 neque

274 1409 333 1470 ea,
371 1406 441 1479 qua
473 1406 535 1481 par
565 1388 618 1454 est
643 1379 793 1468 ratione,
817 1380 1009 1467 absolutas,
1033 1422 1084 1458 -,-
1105 1377 1340 1480 imperfectam
1366 1378 1445 1452 ideo
1474 1387 1510 1452 et
1533 1379 1571 1452 in
1591 1379 1685 1454 hisce
1707 1401 1782 1452 esse

276 1501 454 1576 scientiam
479 1508 632 1574 nostram
656 1523 859 1597 semperque
882 1499 1047 1573 futuram.

322 1619 421 1694 Haec
443 1627 578 1705 autem,
603 1619 669 1692 etsi
689 1618 727 1691 in
750 1642 875 1716 genere
897 1617 946 1692 ita
969 1618 1055 1704 sint,
1080 1623 1196 1696 tamen
1216 1623 1395 1714 propterea
1415 1639 1485 1690 non
1509 1614 1782 1713 desperandum,

260 1740 306 1826 ,si
338 1739 408 1812 sint
439 1737 610 1824 remedia,
646 1736 718 1812 fore
750 1744 792 1810 ut
823 1737 1045 1835 quamplures
1071 1741 1186 1833 partes
1220 1760 1342 1834 aegrae
1368 1741 1533 1808 sanentur
1554 1740 1615 1808 aut
1636 1715 1784 1807 redinte-

274 1865 437 1956 grentur,
471 1856 571 1954 quasi
603 1880 701 1944 vero,
736 1855 975 1954 quaesitiore
998 1861 1099 1942 sunt,
1124 1855 1202 1927 acui
1224 1878 1294 1926 non
1318 1861 1460 1952 possent
1481 1859 1518 1926 et
1542 1851 1658 1950 aliquo
1683 1850 1786 1924 modo

274 1975 412 2074 corrigi!
465 1977 512 2048 Et
537 1999 630 2062 vere3
656 1974 784 2048 etenim
807 1981 942 2073 practer
965 1998 1106 2061 omnes,
1131 1997 1220 2070 quae
1242 1997 1316 2046 esse
1338 1979 1503 2070 possunt,
1528 1970 1787 2070 imperfectioris

204 2077 208 2084 ⁵
274 2093 480 2194 cognitionis
500 2119 642 2181 causas,
668 2093 698 2168 si
717 2117 824 2168 unam
846 2093 942 2167 illam
964 2093 1152 2166 notandam
1176 2092 1295 2179 velim,
1320 2117 1424 2190 quam
1449 2092 1625 2166 formalem
1648 2098 1787 2178 vocant,

274 2211 444 2310 cujusque
472 2212 569 2300 fons,
607 2211 700 2286 unde
732 2219 889 2299 emanat,
924 2212 1123 2310 praesertim
1149 2211 1185 2285 in
1216 2211 1331 2284 studio
1361 2211 1663 2310 investigandique
1686 2209 1789 2284 modo

275 2338 311 2404 er
344 2331 464 2404 ordine
496 2331 714 2427 systematioo
745 2331 849 2406 nimis
886 2331 1044 2430 neglecto
1086 2331 1173 2404 situs
1210 2338 1283 2420 est,
1325 2330 1480 2427 prolecto
1517 2331 1628 2418 vitiis,
1667 2328 1791 2402 exinde
1902 2387 1907 2400 .

253 2430 389 2538 xnatis,
422 2451 552 2524 mederi
583 2450 793 2548 poterimus,
818 2475 904 2524 neve
929 2451 967 2524 in
993 2450 1035 2523 iis
1062 2473 1237 2524 versemur
1260 2455 1400 2538 cavere,
1422 2450 1573 2524 validum
1603 2447 1792 2530 dummodo

276 2569 488 2668 Pfflessidlum
520 2577 599 2668 apte
634 2576 669 2642 ct
692 2569 836 2644 firmiter
868 2569 1104 2662 adhibeamus.
1166 2569 1282 2667 Igitur
1315 2594 1385 2644 non
1424 2576 1477 2642 est
1517 2568 1612 2666 quod
1646 2581 1812 2666 negem,“
1952 2589 1958 2604 ·

276 2687 314 2761 in
345 2687 409 2762 hoc
439 2687 514 2786 ipso
553 2689 714 2786 negotio,
749 2713 792 2762 ex
825 2687 1072 2786 intelligentiae
1109 2687 1384 2786 impedimentis,
1420 2695 1482 2762 aut
1514 2713 1534 2759 e
1564 2683 1794 2784 cognoscendi

168 2790 176 2802 ⁹
276 2805 442 2879 facultate
476 2805 675 2893 infirmiori,
709 2829 780 2878 non
812 2830 913 2902 posse
947 2806 1068 2892 errari,
1101 2805 1164 2878 sed
1187 2807 1290 2880 velim
1321 2805 1520 2880 addictam
1548 2804 1675 2877 mentis
1700 2803 1792 2902 cogi·
1892 2821 1893 2824 ’

281 2923 388 3004 tantis
420 2947 595 3010 normam,
627 2923 664 2996 in
697 2923 936 3021 cognoscenda
965 2923 1120 3021 itemque
1157 2924 1193 2998 in
1229 2925 1469 3022 pertractanda
1499 2931 1535 2996 et
1556 2923 1796 3022 investigandis

180 3121 187 3136 ⁴
286 3039 545 3138 disciplinarum
570 3039 891 3114 mathematicorum
912 3041 1075 3126 materie,
1099 3041 1211 3139 magis
1238 3044 1419 3142 magisque
1442 3042 1679 3132 attendamus,
1703 3066 1796 3116 eam·

284 3183 353 3257 que
385 3152 585 3256 'numquam
616 3182 685 3232 non
718 3156 818 3255 sequi
857 3156 902 3230 sit
935 3157 990 3230 lex
1021 3163 1057 3230 et
1089 3159 1360 3258 praescriptum,
1391 3161 1448 3236 cui
1488 3160 1626 3234 assidue
1658 3159 1798 3234 obedire

284 3277 448 3352 omnibus
480 3277 610 3352 viribus
646 3283 699 3351 est
732 3275 952 3366 enitendum,
986 3277 1101 3352 studio
1129 3278 1251 3352 acriori
1290 3280 1411 3355 saltem
1440 3279 1470 3354 si
1499 3279 1578 3378 plus
1607 3284 1659 3374 et-
1672 3277 1796 3352 melius
1831 3289 1833 3292 ’

284 3419 488 3494 cognoscere
511 3395 717 3494 adpetimus.
1772 3375 1776 3384 ¹

331 3516 379 3588 Et
414 3514 474 3587 alii
507 3515 659 3614 profecto
682 3521 804 3603 erunt,
839 3515 1026 3592 existimari
1050 3517 1107 3590 vix
1128 3542 1228 3616 posse
1252 3517 1314 3616 qui
1334 3517 1471 3608 dicant,
1504 3517 1702 3618 disciplinas
1722 3541 1794 3590 ma·

281 3634 503 3723 thematicas,
537 3637 653 3734 prouti
686 3635 790 3710 latius
821 3643 1009 3734 patuerunt
1036 3644 1073 3711 et
1100 3639 1327 3737 amplificatae
1353 3646 1456 3726 sunt,
1481 3662 1551 3711 non
1577 3636 1672 3711 omni
1697 3635 1796 3710 abso

281 3754 431 3842 latione,
465 3778 578 3852 neque
609 3756 656 3829 ad
683 3765 840 3830 normam
871 3756 1057 3856 perlectam
1084 3783 1158 3832 esse
1189 3763 1432 3856 pertractatas,
1468 3781 1550 3831 cum
1576 3765 1694 3831 tamen
1717 3780 1795 3854 per·
1893 3771 1896 3778 ’

279 3871 451 3948 tractandi
484 3873 588 3962 ratio,
626 3873 905 3948 mathematicam
939 3875 1107 3971 rationem
1141 3901 1247 3975 quam
1279 3883 1423 3964 vocant,
1469 3877 1626 3952 omnium
1661 3899 1795 3973 semper

280 3991 412 4091 optima
443 3990 488 4064 sit
522 3990 660 4079 habita,
695 3991 887 4091 meritoque
920 3994 1176 4070 accuratissima
1206 3995 1333 4070 existat
1357 3996 1395 4069 in
1421 3995 1493 4069 veri
1518 3995 1738 4095 indagatione
1760 3999 1796 4066 et

157 4169 160 4174 .
282 4110 533 4209 disquisitione.
583 4111 754 4210 Insuper,
790 4112 885 4210 quod
913 4113 1099 4212 perhibeo,
1132 4114 1190 4188 vix
1220 4114 1359 4188 admitti
1391 4139 1493 4212 possa
1520 4115 1627 4189 iidem
1654 4114 1812 4202 dicunt,

282 4229 383 4328 quasi
404 4229 522 4304 nullus
541 4229 731 4310 mutorum
751 4231 1124 4328 praestantissimorum
1143 4233 1250 4332 hujus
1270 4233 1345 4308 aevi
1367 4233 1689 4309 mathematicorum
1707 4233 1796 4307 hano

282 4349 333 4424 rei
362 4348 515 4423 indolem
548 4373 619 4424 non
646 4349 881 4449 perspexerit,
914 4349 1129 4448 formamque
1162 4351 1267 4426 simul
1303 4375 1385 4426 cum
1416 4353 1558 4427 materie
1592 4375 1796 4450 cognoscere

285 4467 451 4556 studens,
486 4468 575 4543 hanc
606 4493 721 4544 veram
749 4467 872 4543 taciem
894 4493 965 4544 non
994 4469 1117 4544 viderit
1139 4476 1175 4543 et
1195 4471 1420 4567 conspexerit.
1469 4471 1517 4544 Et
1540 4477 1657 4544 tamen
1676 4475 1795 4566 repeto

286 4593 322 4660 et
347 4587 534 4676 contendo,
565 4595 601 4662 et
622 4587 767 4687 probare
788 4613 888 4687 posse
914 4589 1056 4687 opinor,
1080 4588 1451 4688 praestantissimorum
1473 4587 1794 4664 mathematicorum

284 4704 375 4778 bene
398 4705 547 4794 multos,
581 4707 737 4782 ordinem
757 4707 857 4782 illum
879 4732 1104 4806 normamque
1132 4707 1377 4797 strationem,
1401 4733 1506 4807 quam
1526 4707 1691 4794 laudant,
1715 4705 1793 4780 uni-
1918 4755 1922 4763 -

216 4905 220 4914 ,
284 4846 431 4922 eamque
462 4825 619 4902 omnium
647 4827 812 4926 optimam
842 4827 993 4918 habent,
1030 4851 1206 4926 quamque
1229 4826 1403 4902 dimittere
1432 4853 1468 4902 se
1495 4850 1596 4926 posse
1618 4826 1675 4900 vix
1706 4825 1817 4902 arbi·.
