4986 6200
839 631 1157 730 'orario
1531 726 1535 734 ,
1720 661 1761 729 aa

248 873 292 948 de
308 871 403 948 affini
420 872 533 969 deque
554 867 750 968 disparato,
769 910 817 925 —
835 869 879 943 de
896 875 1081 968 apparente
1104 869 1147 942 de
1169 866 1340 967 probabili
1361 867 1473 966 deque
1489 866 1696 960 necessario,
1711 909 1760 924 --

247 993 291 1066 de
315 989 550 1092 conjungendi
573 1013 613 1063 ac
631 987 675 1062 de
700 988 925 1064 connectendi
944 987 1074 1075 modis,
1099 987 1161 1086 qui
1186 1013 1260 1064 esse
1282 994 1343 1062 aut
1363 987 1507 1063 existere
1527 994 1694 1087 possunt,
1709 1029 1758 1044 -

247 1111 291 1184 de
330 1108 574 1210 hypothesium
602 1106 707 1205 justis
740 1107 892 1206 legibus,
922 1149 973 1166 -
1008 1107 1052 1184 de
1083 1091 1241 1204 reliquis,
1278 1107 1308 1180 si
1339 1113 1433 1207 quae'
1458 1119 1557 1198 srmt,
1584 1119 1636 1168 ’-
1667 1115 1759 1182 recte

246 1237 415 1328 acuteque
436 1226 628 1327 judicetur,
661 1252 704 1300 ex
723 1224 1001 1338 ipsis-babemus
1030 1246 1089 1314 ea,
1115 1225 1244 1324 quibus
1271 1226 1359 1302 vires
1383 1235 1555 1328 augentm
1573 1227 1757 1327 validaque

247 1351 419 1426 subsidiaw
439 1355 500 1424 aut
533 1347 735 1447 adjumenta
770 1346 1048 1444 suppeditentur
1066 1346 1111 1421 ad
1146 1330 1267 1420 uerum
1289 1345 1554 1441 inveniendum,
1587 1347 1633 1422 ad
1654 1371 1760 1422 novas

245 1495 301 1544 res
325 1492 501 1566 novasque
523 1475 658 1567 partes,
691 1493 734 1542 ex
763 1467 988 1541 similitudine
1010 1474 1046 1541 et
1063 1465 1280 1565 proportione
1300 1474 1336 1541 et
1360 1467 1545 1555 affinitate,
1569 1467 1680 1540 -id
1706 1473 1759 1541 est

246 1614 266 1662 e
300 1588 413 1687 specie
445 1584 667 1684 comparabili
696 1593 758 1660 ant
792 1611 835 1660 ex
863 1586 1068 1662 conferendd
1090 1595 1195 1685 atque
1220 1585 1448 1661 adsimilandh
1470 1585 1587 1665 indole
1609 1587 1663 1660 vel
1684 1611 1757 1661 ma·
1861 1581 1865 1588 ’

194 1789 201 1796 ,
245 1709 350 1796 terie,
383 1751 435 1766 -
464 1707 691 1804 detegendas,
725 1751 776 1765 —
805 1706 851 1782 od
883 1706 1061 1782 intervalla
1093 1704 1314 1804 complenda,
1342 1750 1409 1784 -,
1425 1705 1471 1780 ad
1499 1701 1759 1805 conjungenda,

246 1851 336 1927 quae
369 1824 519 1924 disparia
550 1823 777 1913 ridebantur,
809 1871 859 1887 --
891 1826 937 1900 ad
967 1833 1059 1900 recte
1092 1825 1319 1913 absolvenda,
1353 1849 1442 1924 qma
1472 1825 1575 1924 plena
1602 1824 1758 1900 nondum

245 1950 342 2020 erant
365 1967 429 2018 nec
453 1949 546 2031 tota,
572 1943 642 2016 sive
666 1944 712 2018 ad
734 1943 873 2043 lastigie
897 1969 1009 2042 usque
1032 1945 1190 2019 nondum
1215 1943 1446 2019 exaedificata.

293 2065 341 2137 Et
371 2064 530 2162 quamvis
561 2063 778 2138 Inductionis
812 2070 847 2139 et
867 2063 1057 2163 Analogiae
1084 2087 1169 2138 usus
1198 2065 1400 2162 praesertim
1428 2061 1474 2139 ad
1494 2063 1761 2163 argumentandi

245 2183 413 2257 rationem
446 2181 660 2280 probabilem
692 2183 862 2282 pertinere
896 2185 1073 2272 videatur,
1108 2191 1226 2259 tamen
1254 2185 1293 2259 in
1320 2183 1510 2260 necessarie
1538 2192 1758 2282 argumenta·

244 2303 337 2377 tione
369 2302 473 2376 etiam
501 2301 600 2376 valet.
652 2303 723 2377 Sed
746 2303 915 2402 imprimis
938 2303 1093 2402 notanda
1121 2311 1222 2392 sunt,
1247 2313 1333 2403 quot
1359 2311 1577 2402 quantaque,
1602 2328 1646 2377 ex
1665 2303 1760 2377 Ana·

245 2420 357 2520 logias
375 2445 444 2494 usu
462 2427 564 2494 cauto
582 2445 623 2494 ac
640 2422 824 2520 prudenti,
844 2425 882 2497 in
903 2423 1101 2524 disciplinas
1119 2423 1379 2498 mathematicas
1394 2423 1587 2498 redundare
1603 2431 1760 2521 possunt.

128 2563 131 2570 ⁴
247 2538 398 2613 Inseruit
428 2562 578 2637 namque
606 2539 762 2638 egregie,
786 2541 962 2619 interdum
984 2531 1104 2628 unice,
1129 2565 1210 2616 cum
1226 2523 1277 2616 'ad
1298 2567 1353 2617 res
1374 2567 1564 2641 causasque
1583 2543 1761 2616 recluden-

244 2658 330 2745 das,
355 2664 434 2732 tum
459 2658 504 2732 ad
526 2659 704 2758 incognita
726 2667 762 2734 et
782 2657 939 2758 quaesita
957 2659 1183 2748 invenienda,
1206 2665 1284 2735 tum
1302 2662 1348 2736 ad
1363 2662 1491 2736 formas
1512 2687 1555 2736 ex
1573 2661 1761 2736 individuis

244 2778 499 2876 componendas
530 2803 725 2876 generaque
761 2804 781 2852 e
810 2781 949 2884 formis,
984 2771 1046 2855 aut
1075 2777 1191 2878 potius
1224 2780 1408 2878 adportes
1436 2780 1647 2878 singulares,
1672 2805 1761 2878 quae

245 2923 266 2972 a
292 2921 329 2972 se
352 2897 500 2972 invicem
524 2897 651 2972 distare
681 2898 934 2997 dissimilesque
964 2907 999 2973 et
1023 2898 1155 2997 absque
1185 2897 1322 2974 vinomo
1347 2898 1509 2974 exsistere
1537 2898 1762 2988 videbantur,

244 3016 472 3115 colligendas,
521 3023 557 3089 et
595 3019 664 3088 und
703 3017 895 3114 eidemque
930 3018 1042 3092 latiori
1077 3017 1364 3114 contemplatione
1401 3018 1762 3114 comprehendendas,

244 3136 384 3233 itaque,
420 3133 515 3232 quod
545 3132 689 3207 maximi
718 3134 772 3206 est
800 3133 987 3220 momenti,
1011 3133 1057 3207 ad
1079 3132 1284 3206 universalia
1306 3157 1326 3206 e
1347 3133 1614 3231 particularibus
1636 3137 1760 3209 consti-

245 3253 378 3328 tuenda
402 3278 421 3326 e
444 3251 634 3351 conjectata
659 3275 805 3349 veraque
828 3252 962 3349 reperti
988 3250 1308 3339 similitudine3'-
1334 3276 1434 3351 porro
1458 3252 1563 3328 etiam
1587 3254 1633 3328 ad
1656 3277 1762 3328 noves

246 3397 386 3471 prorsus
416 3371 595 3458 notiones,
628 3369 781 3469 ahoquin
803 3367 995 3467 incognitas
1017 3375 1053 3440 et
1078 3367 1272 3443 reconditas
1296 3379 1360 3444 nec
1383 3369 1595 3469 suspicatos,
1620 3371 1723 3469 quasi
1743 3399 1763 3446 e

247 3491 456 3590 plenissimis
487 3489 642 3564 lontibus
671 3489 897 3576 hauriendam
923 3529 975 3552 ·-·
1001 3487 1150 3587 deniqne
1184 3487 1230 3562 ad
1259 3512 1315 3562 res
1343 3487 1487 3586 illasque
1509 3496 1646 3587 partes,
1672 3513 1787 3588 quae.

248 3609 362 3684 adhuc
394 3609 514 3684 abesse
545 3616 688 3708 totoque
721 3610 839 3683 deesse
863 3599 1088 3697 videbantur,
1123 3615 1244 3706 sponte
1270 3607 1370 3706 quasi
1396 3607 1450 3680 vel
1476 3606 1575 3682 facile
1596 3609 1761 3708 suppedi-

135 3779 140 3784 -
247 3728 381 3802 tendas.
432 3729 479 3801 Et
509 3752 553 3801 ex
582 3727 647 3802 hoc
680 3727 775 3826 ipso,
811 3728 905 3826 quod
933 3735 1106 3825 postremo
1129 3727 1202 3801 loco
1229 3726 1323 3815 dini,
1347 3726 1616 3801 animadvertere
1637 3727 1758 3816 liceat,

247 3873 309 3947 per
341 3847 555 3945 analogiam,
590 3846 653 3920 ubi
687 3847 844 3922 adhiberi
875 3854 1010 3946 potest,
1047 3846 1245 3945 saepissime
1276 3846 1390 3921 offerri
1416 3871 1456 3921 ao
1483 3846 1639 3946 praeberi
1666 3847 1759 3921 inve·

247 3963 394 4052 nienda,
428 4009 479 4026 -
515 3966 636 4039 dooere
677 3990 754 4039 eam
790 3966 918 4066 igitur,
965 3973 1001 4040 et
1034 3965 1134 4064 quasi
1169 3990 1310 4064 eogere,
1350 3972 1391 4041 ut
1426 3966 1660 4055 inveniamus,
1698 3977 1759 4042 aut
1856 3971 1859 3976 '

248 4086 465 4186 cognitorum
492 4085 638 4160 modum
656 4086 892 4182 rationemque
918 4083 1157 4182 perficiamus,
1176 4091 1238 4158 aut
1253 4083 1413 4159 inchoata
1429 4085 1592 4160 omnibus
1608 4088 1760 4161 numeris

249 4205 482 4304 compleamus
518 4211 554 4279 et
585 4205 824 4291 absolvamus,
854 4203 973 4302 itaque
1007 4211 1047 4276 nt
1084 4203 1290 4301 epartibus
1322 4204 1484 4303 dispersis
1507 4211 1542 4279 et
1567 4205 1758 4294 distractis,

251 4325 483 4400 discordantes
518 4349 606 4423 quae
647 4323 879 4423 apparebant,
917 4329 1029 4398 totum
1065 4323 1308 4412 conficiamus,
1345 4324 1510 4399 concinne
1549 4324 1759 4423 pulchreque

250 4445 478 4519 modulatum.

301 4565 359 4637 An
390 4554 497 4662 igitur
526 4563 765 4639 Mathematici
790 4563 837 4638 ad
861 4563 1077 4638 Inductionis
1100 4571 1136 4638 et
1157 4563 1347 4662 Analogiae
1372 4587 1491 4651 usum,
1513 4607 1562 4620 -
1587 4565 1756 4663 perfectae

251 4681 417 4756 nimirum
454 4685 484 4756 si
519 4683 607 4773 sint,
643 4684 797 4781 dumque
831 4683 1000 4786 incertum
1032 4707 1103 4758 non
1135 4683 1179 4760 sit
1215 4689 1386 4782 quatenus
1413 4683 1523 4757 valere
1549 4691 1695 4790 possunt
1718 4709 1758 4758 ao

250 4801 410 4890 admitti,
433 4847 482 4862 -
513 4828 559 4878 an
588 4803 696 4902 igitur
722 4803 768 4877 ad
792 4803 914 4878 harum
939 4827 1044 4880 usum
1067 4803 1238 4902 insignem
1260 4827 1330 4878 non
1354 4803 1594 4891 attenderunt,
1618 4802 1759 4878 illumve
