4874 6182
857 690 1165 758 ursulo·
1686 699 1748 766 115

237 897 368 996 ipsius,
404 922 510 997 quem
538 897 723 996 quotannis
748 897 837 972 festo
862 898 965 974 hocce
995 897 1051 972 die
1079 897 1244 972 interesse
1270 895 1528 995 gaudebamus,
1560 897 1745 978 tribuenda

239 1025 293 1091 est
312 1017 479 1095 absentia.
528 1017 688 1092 Aboram
704 1025 822 1092 autem
839 1017 973 1104 virum,
991 1021 1134 1115 magna,
1153 1040 1259 1115 quarn
1279 1015 1525 1116 leoit,jaotura
1543 1019 1747 1118 neutiquam

236 1135 498 1226 labefactatum,
513 1136 644 1235 patriae
670 1135 784 1211 decori
803 1144 838 1210 at
852 1133 1046 1211 academiae
1066 1134 1169 1208 saluti
1192 1133 1254 1208 diu
1272 1143 1382 1210 servet
1397 1137 1494 1210 Deus
1513 1136 1745 1214 incolumem!

285 1254 505 1355 collegarum
534 1255 690 1331 ordinem
725 1254 959 1354 conspiciens,
995 1251 1119 1326 intimo
1148 1257 1286 1350 pectore
1317 1253 1422 1330 etiam
1451 1256 1658 1330 commoveri
1689 1282 1746 1332 me

236 1373 355 1447 sentio.
404 1373 521 1473 Luget
554 1373 647 1449 enim
683 1398 833 1449 sororem
866 1371 1123 1446 dilectissimam
1158 1370 1319 1468 Collega,
1358 1395 1462 1470 quem
1499 1375 1676 1473 diligimus
1711 1388 1746 1452 et

234 1490 456 1567 observamus
487 1515 627 1583 omnes,
660 1493 879 1568 Clarissimus
911 1491 1085 1578 Karsten,
1113 1490 1210 1588 luget
1234 1488 1394 1564 Ruebius
1409 1485 1538 1568 ‘nocer
1567 1519 1744 1585 socerum,

233 1609 346 1684 virum
369 1611 630 1687 celeberrimum
649 1613 895 1700 Numannum,
920 1619 997 1685 tum
1024 1610 1201 1684 doctrinae
1223 1608 1342 1706 copia,
1367 1615 1444 1682 tum
1469 1610 1576 1686 animi
1605 1614 1745 1690 dotibus

233 1725 383 1804 maxime
404 1731 638 1830 conspicuum.
677 1733 815 1820 Quem,
838 1731 916 1805 licet
934 1729 1031 1804 nullo
1055 1729 1158 1802 titulo
1182 1735 1319 1801 nostrae
1341 1727 1549 1802 Academiae
1568 1730 1746 1838 junctum,

230 1847 440 1922 Academiae
473 1849 686 1924 Professores
721 1874 785 1924 suo
817 1849 944 1924 circulo
974 1848 1139 1946 collegam
1171 1845 1308 1920 assidue
1335 1846 1499 1921 interesse
1525 1849 1641 1922 cuncti
1660 1875 1746 1948 gau·

231 1964 361 2039 debant
393 1975 428 2040 et
462 1967 709 2066 gloriabantur.
759 1969 830 2040 Det
860 1967 977 2053 Deus,
1003 1973 1043 2038 ut
1066 1990 1086 2039 e
1106 1951 1291 2039 carissimis
1314 1966 1444 2040 vestris
1460 1965 1663 2064 pignoribus
1683 1995 1745 2068 per

230 2084 374 2183 longum
398 2109 568 2161 annorum
593 2087 745 2184 spatium
768 2084 886 2158 nullus
909 2085 1000 2162 tristi
1023 2084 1094 2158 fato
1118 2083 1328 2182 abripiatur!
1579 2143 1582 2150 ,

279 2203 377 2281 Quid
413 2213 529 2280 autem
568 2203 634 2278 tibi
666 2205 797 2292 dicam,
837 2203 1034 2278 Clarissima
1073 2203 1261 2278 Schroeder
1290 2226 1357 2277 van
1392 2202 1454 2278 der
1487 2206 1599 2282 Kolk!
1640 2233 1745 2306 quem

228 2311 345 2399 nescio
385 2329 504 2398 utrum
544 2323 711 2400 carissimi
747 2321 976 2423 praeceptoris
1015 2347 1059 2398 an
1101 2323 1251 2420 collegae
1296 2323 1568 2422 conjunctissimi
1608 2328 1747 2404 nomine

230 2443 350 2518 malim
380 2443 520 2541 alloqui.
570 2445 718 2533 Graves,
747 2445 874 2518 iterum
901 2467 1022 2542 gravas
1054 2449 1153 2530 sunt,
1178 2466 1265 2540 quas
1290 2442 1419 2531 fecisti,
1440 2443 1605 2542 jacturae.
1655 2447 1747 2522 Cum

233 2585 360 2651 uxore,
384 2587 491 2660 quam
509 2563 671 2652 amabas,
695 2563 754 2663 pia
776 2569 893 2638 mente
917 2562 1052 2636 obitum
1080 2561 1199 2636 luxisti
1223 2585 1359 2650 socrus,
1383 2569 1559 2638 matronae
1580 2563 1748 2640 honestis·

228 2683 356 2770 simae;
382 2690 418 2756 et
440 2682 537 2757 brevi
560 2691 658 2782 post,
684 2682 795 2760 cheul
821 2683 896 2780 ipsa
916 2681 1083 2780 conjuge,
1109 2705 1215 2778 quam
1236 2680 1373 2756 virtutis
1399 2681 1607 2758 domesticae
1631 2709 1746 2760 exem-

226 2801 302 2898 plar
331 2825 451 2875 omues
487 2802 760 2889 venerabantur,
796 2800 1016 2876 dilectissima
1044 2798 1207 2888 orbatus,
1248 2823 1331 2874 cum
1366 2799 1483 2876 liberis
1514 2801 1617 2876 altius
1652 2804 1746 2878 enim

227 2918 344 2994 animo
365 2920 562 2995 moeniisti!
612 2920 774 2996 Necdum
798 2920 878 2995 finis
892 2927 974 2996 erat
995 2921 1177 2995 malorum.
1226 2919 1369 2994 Filiolae
1397 2919 1512 3007 enim,
1537 2945 1642 3018 quam
1668 2922 1747 2998 dili·

225 3037 353 3136 gebaa,
371 3039 625 3138 lepidissimae,
637 3045 891 3139 praematuram
909 3039 1050 3114 tandem
1068 3062 1147 3114 cum
1162 3037 1244 3112 filiis
1265 3037 1433 3112 deflevisti
1452 3047 1609 3114 mortem.
1635 3039 1745 3116 Haud

230 3156 296 3231 tibi
335 3155 521 3232 defuerunt
557 3157 827 3232 collacrimantes
861 3158 982 3246 amici,
1018 3158 1187 3256 collegae,
1218 3156 1389 3256 discipuli.
1424 3199 1473 3214 —
1501 3159 1627 3234 Multis
1661 3185 1744 3236 sane

229 3276 371 3352 orbatus
392 3301 445 3366 es,
471 3276 533 3352 sed
558 3277 670 3353 multa
690 3276 757 3350 tibi
779 3283 975 3376 supersunt.
1024 3275 1162 3350 Firmus
1182 3275 1275 3350 enim
1298 3300 1336 3350 es
1358 3283 1394 3351 et
1413 3276 1541 3376 pictate
1562 3286 1597 3352 et
1616 3279 1744 3352 fiducia

226 3396 263 3468 in
301 3396 378 3470 Deo
413 3396 546 3494 optimo
577 3396 729 3472 maximo
756 3395 929 3495 reposita,
966 3393 1066 3494 cujus
1097 3394 1267 3469 voluntati
1305 3405 1340 3472 te
1373 3397 1576 3472 submittere
1606 3405 1743 3474 mature

230 3513 391 3588 didicisti.
441 3514 580 3588 Firmus
603 3539 661 3604 es,
698 3522 734 3588 et
761 3515 905 3613 effulget
928 3513 994 3588 tibi
1020 3514 1108 3588 vitae
1133 3538 1278 3611 scopus,
1308 3539 1419 3612 quum
1441 3515 1586 3602 liberos,
1612 3517 1741 3614 quibus

232 3655 410 3707 summurn
432 3639 468 3706 te
491 3632 632 3708 donavit
650 3634 815 3721 Numen,
839 3633 896 3732 pie
915 3639 952 3706 te
975 3633 1125 3707 colentes
1148 3632 1315 3731 adspicis,
1339 3641 1375 3708 et
1396 3633 1492 3708 ornui
1512 3657 1578 3732 ope
1601 3634 1741 3712 eniteris

226 3759 268 3826 ut
301 3775 403 3826 curae
433 3759 608 3828 maternae
641 3752 685 3826 iis
715 3752 903 3850 denegatae
929 3751 1138 3825 desiderium
1160 3758 1302 3850 paterna
1332 3777 1414 3828 carra
1435 3760 1607 3851 quantum
1631 3756 1741 3852 possit

227 3871 476 3972 compensetur.
525 3871 593 3945 Per
621 3872 761 3970 longam
794 3877 831 3944 et
857 3877 1016 3970 vegetam
1042 3877 1255 3946 senectutem
1282 3879 1362 3947 tuae
1387 3871 1456 3946 sint
1478 3871 1641 3960 deliciae,
1665 3856 1738 3948 ma*-

227 3989 358 4087 trisque
393 3988 493 4088 quasi
523 3987 589 4062 tibi
617 3987 849 4063 reviviscentis
878 4013 993 4064 caram
1019 3987 1207 4088 imaginem
1234 3993 1347 4092 magis
1368 3992 1550 4091 magisque
1572 3991 1737 4080 referant,

226 4109 324 4205 queis
348 4115 384 4182 te
410 4107 546 4196 beavit,
570 4106 690 4182 liberii
749 4199 752 4206 Ι

275 4229 373 4303 Inter
395 4228 486 4303 cives
510 4227 722 4303 academicos
747 4227 906 4302 nonnulli
925 4228 1071 4328 juvenili
1095 4237 1207 4305 aetate
1228 4230 1322 4308 diem
1340 4232 1501 4307 obierunt
1523 4256 1735 4331 supremum.

227 4348 359 4423 Eomm
382 4347 504 4423 lunera
525 4347 732 4437 deflevistis,
760 4348 903 4425 sodales.
952 4347 1121 4438 Nomina,
1144 4349 1246 4426 Cives
1267 4351 1482 4428 Academici!
1517 4350 1732 4426 meministis.

225 4467 333 4542 Sunt:
1016 4469 1020 4476 ⁴
1189 4531 1192 4536 .

324 4587 517 4664 Hannrcus
540 4589 746 4663 Drurarous
770 4588 954 4677 Fooourr,
976 4589 1053 4665 Jur.
1078 4590 1188 4666 Cand.

321 4710 510 4783 Aurarnus
534 4707 766 4784 fflmunnus
791 4730 865 4782 vau
888 4709 1046 4798 Nrsrarv,
1070 4710 1146 4786 Jur.
1169 4709 1284 4798 ,Cand

321 4827 549 4902 Francrsoos
564 4827 841 4904 Consraurnvus
855 4827 879 4902 J
880 4851 1040 4906 osnrnus
1054 4852 1102 4904 nn
1116 4831 1389 4917 Qvnnranorvr,
1403 4827 1520 4906 Theol.
1535 4828 1730 4906 studiosus.

1463 4945 1536 5022 15·
