4986 6200
696 704 757 772 3οι
1277 705 1317 770 G.
1341 704 1378 771 J.
1414 704 1636 784 vulturni

696 909 993 1008 terpretandorum
1018 906 1212 983 Ministerio
1233 908 1334 1006 fungi
1354 907 1516 1008 coepisti,
1542 915 1578 982 at
1601 907 1656 981 sic·
1671 883 1776 981 aliam
1798 909 1961 1007 temporis
1983 909 2204 998 memoriam,
2250 963 2255 968 -

694 1053 757 1126 per
790 1028 944 1127 quinque
980 1027 1145 1102 decennia
1176 1027 1418 1126 praeterlapsi,
1454 1026 1662 1126 cogitatione
1690 1026 1887 1124 repetivisti.
1938 1029 1993 1104 Tu
2019 1039 2135 1104 autam
2159 1030 2203 1104 si·

695 1147 801 1222 leutio
839 1148 944 1222 etiam
974 1146 1073 1221 illum
1109 1146 1202 1220 diem
1233 1147 1460 1233 saecularem,
1485 1145 1551 1219 tibi
1574 1146 1713 1243 tuisque
1735 1137 1990 1235 felicissimum,
2015 1149 2202 1224 celebrasti.
2327 1149 2332 1156 '

694 1267 824 1340 Saltem
847 1291 924 1372 ego
938 1283 941 1292 ’
955 1266 1090 1365 gaudeo
1124 1267 1318 1364 laetorque,
1354 1259 1418 1338 Vir
1451 1263 1581 1364 optime
1620 1265 1790 1364 nobisque
1820 1267 1982 1341 omnibus
2013 1269 2203 1342 carissime!

693 1384 788 1482 quod
814 1385 858 1458 da
878 1384 941 1458 rut
965 1385 1071 1483 hujus
1093 1365 1265 1459 felicitatis
1282 1381 1532 1471 recordatione,
1557 1407 1600 1456 ex
1624 1381 1690 1458 hoc
1710 1390 1897 1481 suggestu,
1921 1383 2045 1458 referre
2063 1385 2204 1482 possim.

691 1503 783 1577 Nam
808 1503 858 1590 si,
882 1547 933 1566 -
956 1503 1051 1601 quod
1076 1510 1181 1601 opto,
1207 1501 1369 1602 quodque
1390 1501 1507 1576 Deum
1527 1525 1667 1599 precor,
1691 1547 1741 1564 -
1764 1501 1826 1574 diu
1846 1501 2077 1600 etiam'atque
2100 1503 2205 1577 etiam

692 1621 762 1694 diei
796 1619 957 1696 celebrati
989 1625 1192 1698 memoriam
1225 1645 1377 1696 annuam
1411 1619 1478 1694 tibi
1513 1601 1678 1696 concedat
1708 1619 1835 1694 Divina
1869 1619 2108 1707 Providentia,
2138 1621 2204 1696 hoc
2320 1605 2325 1618 ’

690 1742 741 1829 si,
775 1765 891 1815 coram
922 1741 1106 1829 omnibus,
1141 1742 1199 1817 hic
1228 1739 1486 1839 praesentibus,
1518 1739 1615 1828 dico,
1647 1764 1768 1814 ornnes
1790 1739 1882 1812 idem
1908 1761 2046 1813 mecum
2073 1739 2201 1814 sincere

688 1866 843 1934 oraturos
867 1867 1123 1958 etprecaturos
1147 1884 1222 1934 asse
1246 1847 1342 1935 scio,

1306 2149 1577 2164 m

733 2339 926 2414 Maximam
971 2336 1119 2436 gratiam
1157 2335 1325 2411 dabamus
1363 2357 1510 2432 eamque
1545 2333 1715 2408 habemus
1738 2332 1849 2440 Tibi,
1883 2331 1947 2407 Vir
1981 2335 2201 2424 Clarissimo,

684 2481 901 2555 summopere
942 2453 1148 2530 Veneranda
1188 2454 1402 2529 Sonounnrr!
1450 2475 1552 2541 oum,
1589 2459 1727 2526 mortuo
1765 2452 1953 2527 clarissimo
1993 2453 2200 2554 'theologiae

683 2576 877 2650 Professore
909 2599 984 2650 van
1017 2576 1169 2664 Ooanr,
1204 2597 1344 2672 operam
1378 2597 1519 2648 omnem
1551 2579 1588 2646 et
1620 2570 1774 2646 laborem
1798 2571 1950 2646 conferre
1973 2572 2137 2661 volueris,
2163 2581 2204 2648 ut
2288 2581 2293 2588 '

683 2695 838 2770 defuncti
875 2694 1123 2792 discipulorum
1158 2693 1274 2768 studia
1304 2693 1452 2792 juvares.
1513 2691 1583 2766 Sed
1618 2689 1677 2766 hic
1715 2714 1874 2788 quoque,
1912 2689 2083 2788 rerutque
2117 2691 2203 2768 adoo

682 2814 775 2903 sice,
800 2821 835 2888 te
857 2813 1061 2912 compellem
1089 2811 1208 2901 liceat,
1237 2813 1290 2888 Ol.
1319 2835 1393 2886 vau
1417 2811 1595 2888 Harena!
1621 2811 1684 2908 qui
1705 2817 1839 2907 partam
1862 2809 2115 2908 suscipiendam
2139 2809 2206 2884 tibi

683 2933 783 3030 qua'si
818 2931 1015 3030 poposcisti.
1065 2932 1207 3029 Duplex
1236 2931 1344 3027 igitur
1376 2929 1585 3004 Academiae
1615 2928 1770 3026 gratulor
1805 2929 2004 3025 negotium,
2035 2927 2099 3004 haic
2128 2929 2204 3027 ipsi

682 3049 886 3126 solennitate
903 3048 990 3122 mihi
1010 3049 1150 3134 datum,
1175 3047 1323 3122 alterum
1340 3045 1538 3144 gratulandi
1557 3044 1642 3136 tibi,
1667 3045 1796 3143 gratias
1817 3046 1943 3143 agendi
1959 3046 2024 3120 hoc
2043 3047 2201 3123 alterum.

655 3193 658 3198 ·
682 3171 793 3268 Ergo,
828 3167 896 3242 uisi
927 3167 1067 3242 abunde
1104 3171 1295 3253 constaret,
1332 3161 1393 3241 aut
1426 3165 1456 3238 si
1484 3189 1571 3264 opus
1600 3172 1692 3240 esset
1717 3165 1944 3252 testimoniis,
1969 3165 2199 3242 certissimum

684 3289 772 3363 mihi
799 3295 890 3363 esset
911 3293 1177 3386 argumentum,
1209 3311 1278 3384 quo
1301 3285 1499 3384 pmbarem‚
1523 3285 1619 3383 quod
1643 3285 1748 3360 modo
1772 3284 1863 3372 dixi,
1888 3308 2012 3383 nempe
2041 3293 2200 3384 vegetam

685 3407 750 3482 tibi
779 3431 853 3480 csse
877 3413 1114 3493 senectutem,
1143 3405 1230 3481 adeo
1252 3412 1293 3478 ut
1317 3431 1338 3480 a
1362 3403 1565 3478 muneribus
1590 3402 1690 3500 plane
1715 3427 1834 3477 vacare
1858 3403 1915 3476 vix
1940 3403 2071 3500 possis,
2094 3404 2202 3478 immo

683 3527 729 3600 ab
752 3527 795 3601 iis
819 3550 938 3602 vacare
961 3525 1059 3600 nolis.

1306 3793 1572 3808 m

737 4003 794 4076 Sic
821 4002 930 4101 igitur
962 4001 1214 4100 Theologomm
1252 3999 1393 4074 Ordinis
1425 3999 1638 4074 Professores
1664 3998 1794 4097 optime
1819 4001 2033 4099 prospiciunt
2060 4009 2095 4076 et
2114 4024 2195 4076 oon·

686 4120 827 4210 sulunt,
852 4146 896 4195 ne
919 4145 1066 4220 magna,
1091 4144 1196 4219 quam
1215 4118 1404 4194 Academia
1421 4119 1523 4206 lecit,
1545 4118 1698 4217 joanna,
1722 4125 1860 4193 mortuo
1878 4119 1931 4194 ot
1953 4144 2027 4195 van
2045 4121 2196 4208 Quor,

684 4240 838 4315 defuncti
877 4241 1125 4340 discipulorum
1158 4237 1283 4312 studiis
1309 4239 1461 4313 maximo
1495 4237 1541 4311 ait
1576 4235 1794 4310 detrimento.
1845 4238 1915 4312 Sed
1951 4245 2005 4312 est
2037 4239 2195 4336 insuper,

683 4382 753 4456 quo
784 4359 958 4458 erigamur
991 4359 1029 4433 in
1062 4381 1178 4457 spem,
1212 4357 1285 4431 fore
1307 4365 1348 4431 ut
1371 4357 1459 4431 bene
1486 4363 1521 4432 et
1548 4354 1691 4430 feliciter
1713 4355 1809 4430 illato
1832 4357 2039 4430 Academiae
2061 4355 2195 4430 vulneri

655 4462 853 4554 medicina
882 4480 953 4556 fiat.
1011 4476 1157 4572 Vaoauti
1191 4501 1342 4574 namque
1374 4476 1555 4551 cathedrae
1574 4477 1646 4574 jam
1667 4475 1740 4574 jam
1765 4501 1840 4550 essa
1861 4482 2101 4574 prospectum,
2125 4475 2193 4550 lao-

682 4597 813 4672 tissime
846 4597 1066 4698 gaudemus'
1109 4597 1235 4695 Neque
1269 4597 1386 4671 minus
1414 4596 1605 4683 habemus,
1644 4595 1687 4669 de
1718 4619 1787 4693 quo
1820 4581 1922 4670 nobis
1956 4595 2192 4694 gratulemur,

682 4741 763 4791 cum
793 4718 884 4817 Regi
918 4717 1176 4816 Angustissimo
1207 4717 1415 4791 (iuratorum
1435 4715 1740 4815 Amplissimorum
1769 4713 1938 4790 voluntati
1957 4713 2193 4813 obtemperare

605 4839 607 4844 '
683 4834 867 4932 placuerit,
903 4857 1132 4914 successorem
1167 4835 1229 4934 qui
1255 4839 1419 4934 optarunt
1439 4833 1563 4908 Virum
1590 4833 1829 4909 doctissimum
1851 4837 2052 4910 Anaunion
2077 4833 2192 4926 Nrrnf
