4986 6200
919 1095 1182 1131 ...φ-...-

352 1405 394 1482 In
418 1407 541 1483 laustis
561 1407 749 1506 laetisque,
775 1433 864 1506 quae
885 1409 1094 1484 Academiae
1117 1411 1335 1499 acciderunt,
1359 1408 1546 1499 maximam
1567 1409 1643 1483 Deo
1666 1410 1813 1508 gratiam

302 1527 454 1602 habendi
485 1552 588 1602 causa
619 1527 719 1601 nobis
750 1529 900 1618 exsistit,
934 1529 1029 1630 quod
1056 1527 1267 1604 Professores
1291 1527 1450 1604 emeritos
1480 1527 1699 1625 superstites,
1727 1552 1814 1608 non-

201 1643 202 1648 ’
302 1647 478 1752 nullorum
506 1647 572 1720 etsi
597 1629 815 1745 grandiorem
839 1655 987 1723 aetaoem
1014 1648 1254 1738 attendamus,
1285 1648 1395 1722 salvos
1418 1655 1454 1722 et
1476 1670 1578 1722 sanos
1600 1668 1675 1718 esse
1696 1668 1816 1720 ornnes

302 1765 400 1839 valde
433 1764 667 1863 gaudeamus,
704 1765 811 1840 immo
844 1791 919 1841 esse
947 1767 1037 1840 inter
1072 1766 1169 1854 illos,
1202 1767 1318 1841 animo
1348 1775 1384 1842 et
1418 1774 1534 1842 mente
1562 1789 1632 1839 uon
1656 1771 1815 1854 tentum,

302 1890 338 1956 at
368 1883 422 1957 vel
455 1883 604 1982 corporis
639 1884 770 1959 viribus
798 1886 884 1970 adeo
918 1886 1092 1984 vigentes,
1129 1892 1170 1959 ut
1207 1886 1294 1959 nihil
1328 1894 1422 1962 actas
1451 1883 1641 1984 provectior
1661 1882 1817 1970 onerosi,

245 2041 251 2052 ·
302 2001 389 2108 nihil
422 2002 614 2100 quidquam
646 2004 783 2079 molesti
814 2004 857 2078 iis
890 2004 1009 2079 afferre
1042 1989 1208 2079 videatru.
1260 2004 1394 2082 Quidni
1424 2005 1468 2079 de
1495 2003 1614 2092 vobis,
1639 2001 1715 2076 Viri
1738 2002 1817 2076 Ola-

303 2120 451 2196 rissimil
486 2120 660 2196 Huneunr
694 2131 730 2196 et
765 2124 1013 2198 Truuunurrnl
1050 2125 1157 2199 Senes
1186 2124 1426 2199 Venerabiles!
1472 2123 1538 2198 hoc
1576 2122 1689 2198 dicere
1717 2120 1819 2195 nobis

244 2311 251 2322 ,
302 2239 425 2327 hosat,
460 2240 615 2339 vigentes
651 2267 738 2340 quos
770 2243 980 2342 adspicimus
1013 2251 1048 2318 et
1075 2245 1222 2331 alacres,
1251 2243 1376 2318 studiis
1398 2243 1460 2342 qui
1485 2266 1624 2341 operam
1647 2241 1759 2328 datis,
1785 2247 1820 2314 et

303 2385 323 2434 a
356 2359 558 2434 muneribus
585 2361 686 2459 plane
720 2387 837 2437 vacare
871 2364 929 2438 vin
955 2363 1124 2462 potestis?
1174 2365 1255 2442 Quo
1280 2364 1439 2452 nomine,
1464 2363 1600 2437 utinam
1621 2361 1702 2448 diu,
1727 2358 1820 2446 Viri,

305 2479 412 2556 animi
444 2479 643 2579 ingeniique
675 2482 884 2581 praestantii
921 2483 1003 2557 olari
1044 2493 1080 2556 et
1118 2483 1292 2559 doctrinae
1326 2482 1419 2557 lamia
1451 2479 1684 2557 celeberrimil
1745 2478 1821 2552 Deo

304 2597 545 2697 omnipotenti
575 2601 704 2699 gratias
731 2602 860 2701 agendi
875 2602 1025 2677 officium
1049 2603 1150 2678 nobis
1175 2603 1220 2676 sit
1248 2603 1468 2702 impositum,
1501 2625 1564 2700 pro
1590 2597 1727 2674 summai
1761 2596 1821 2671 be·

304 2717 494 2815 nignitate,
519 2723 610 2816 qud,
635 2719 732 2794 vobis
755 2720 951 2807 servandis,
975 2721 1076 2798 nobis
1096 2719 1268 2820 propitius
1289 2721 1354 2794 sitl

354 2835 424 2908 Sed
455 2837 493 2908 in
526 2836 649 2910 faustis
682 2839 787 2911 etiam
819 2837 1112 2912 reminiscendum
1133 2844 1208 2926 est,
1234 2837 1287 2915 cl
1315 2837 1562 2912 Trnnusuuul
1592 2837 1708 2935 quod,
1733 2859 1825 2911 anno

307 2953 510 3051 praeterito,
548 2954 707 3052 ingentes
737 2957 866 3052 gratias
898 2957 1025 3053 agendi
1060 2963 1164 3028 causa
1200 2955 1266 3028 tibi
1300 2955 1478 3031 exstiterit.
1537 2955 1697 3041 Etenim,
1730 2953 1826 3050 quod

306 3071 444 3146 duobus
477 3068 628 3169 Collegis
663 3071 913 3160 celeberrimis,
949 3073 1220 3146 Sruourrnunxro
1253 3080 1289 3146 et
1318 3073 1592 3160 Rursusnnro,
1626 3071 1823 3146 felicissime

304 3191 500 3290 contigerat
511 3223 521 3278 ,-
556 3197 597 3263 ut
631 3189 724 3264 illius
757 3189 826 3264 diei
850 3189 1051 3264 memoriam
1078 3198 1288 3289 repeterent,
1313 3215 1444 3289 aquo,
1469 3191 1697 3290 perlongum
1723 3189 1824 3288 quin·

310 3310 478 3410 quaginta
504 3333 674 3384 enuorum
706 3309 875 3407 spatium,
910 3333 1038 3382 munus
1069 3309 1314 3407 prolessorium
1340 3309 1526 3398 obiissent,
1556 3310 1678 3384 eadem
1706 3309 1826 3408 siugu-

311 3429 393 3502 laris
428 3438 465 3502 et
492 3427 688 3502 felicissima
716 3452 787 3502 sors
816 3427 895 3502 Tibi
926 3451 1087 3503 concessa
1111 3435 1175 3504 est.
1224 3429 1272 3502 ut
1300 3451 1380 3502 vere
1405 3427 1624 3503 felicissimus
1646 3427 1713 3502 tibi
1739 3428 1824 3518 tuit,

311 3571 404 3620 enno
438 3545 676 3645 praecedenti,
709 3547 783 3620 dies
816 3547 939 3621 tertius
968 3548 1096 3622 mensis
1129 3548 1245 3636 Junii,
1279 3571 1348 3646 quo
1376 3548 1519 3646 quidem
1548 3547 1691 3622 tertium
1719 3555 1755 3622 te
1783 3571 1827 3621 ex

310 3666 369 3740 illo
403 3653 552 3740 numero
581 3691 656 3740 esse
687 3665 806 3740 laetari
838 3666 992 3765 potuisti.
1043 3669 1173 3742 Tecum
1204 3675 1321 3741 autem
1351 3666 1469 3741 laetati
1499 3692 1642 3756 sumus,
1677 3693 1720 3742 ex
1747 3674 1826 3740 voto

310 3783 470 3880 quamvis
498 3783 564 3857 tibi
593 3807 664 3856 non
699 3783 880 3872 acciderit,
914 3785 1006 3860 diem
1035 3785 1135 3860 illum
1168 3784 1303 3859 silentio
1331 3808 1401 3858 nou
1430 3783 1606 3859 transire.r
1634 3785 1726 3860 Tum
1747 3808 1826 3858 vero

309 3927 466 3978 recusare
493 3903 655 3990 noluisti,
681 3903 866 4001 quominus
892 3903 1037 3977 studiosi
1057 3903 1224 3992 iuvenes,
1249 3903 1408 3978 beneficii
1430 3903 1709 4003 magnitudinem
1732 3910 1824 3978 recte

310 4019 564 4120 intelligentes,
595 4029 648 4094 tot
683 4020 832 4096 virorum
857 4021 1132 4096 doctissimorum
1158 4030 1194 4097 et
1215 4022 1587 4122 praestantissimorum
1610 4023 1826 4122 Praeceptori

310 4139 547 4228 celeberrimo,
575 4165 665 4214 seno
692 4151 728 4214 et
760 4149 898 4239 vegeto,
927 4140 992 4215 tibi
1014 4142 1289 4240 gratularentur,
1312 4183 1364 4206 -·
1387 4165 1501 4239 neque
1528 4142 1634 4218 vitare
1658 4142 1823 4241 potuisti,

310 4259 395 4358 quin
424 4283 512 4359 ego,
543 4260 694 4347 Rector,
724 4268 759 4333 te
783 4259 933 4348 adirem,
958 4268 1106 4359 votaque
1128 4285 1172 4335 ex
1197 4261 1319 4335 intimo
1339 4268 1478 4359 pectore
1498 4261 1664 4348 lacerem,
1690 4285 1822 4360 preces·

312 4401 380 4474 que
409 4377 578 4467 sincems,
613 4389 649 4452 et
677 4379 826 4452 Senatus
850 4378 1017 4468 nomine,
1035 4379 1234 4454 funderem!
1285 4380 1373 4469 Sic,
1386 4389 1421 4456 te
1448 4380 1576 4470 inuito,
1601 4380 1701 4456 uobis
1724 4381 1821 4454 satis·

311 4495 476 4586 lecimus,
501 4497 607 4595 idque
632 4499 747 4597 palam
768 4498 826 4572 hlo
847 4523 948 4598 posse
968 4499 1121 4597 profiteri
1143 4499 1296 4597 impense
1318 4500 1480 4599 gratulor.
1698 4539 1703 4552 =
1807 4495 1814 4515 ¹

359 4615 410 4686 At
432 4623 467 4688 at
486 4615 586 4704 Tibi,
612 4617 664 4694 Ol.
683 4617 877 4692 Huuaunrl
903 4617 947 4692 de
969 4616 1089 4692 decem
1111 4617 1297 4693 lustrorum
1321 4619 1410 4694 vitae
1430 4618 1561 4718 spatio,
1585 4617 1819 4693 laudatissime
1897 4623 1904 4630 ”

311 4741 348 4806 et
376 4731 533 4831 religiose
561 4735 725 4824 decurso,
757 4736 921 4836 gratulari
951 4759 1103 4834 possum.
1153 4736 1360 4836 Nuperrime
1392 4737 1521 4813 etenim
1548 4735 1748 4812 memoriam
1769 4763 1821 4812 re·

312 4859 428 4949 petere
464 4876 564 4950 posse
596 4853 661 4929 tibi
691 4855 835 4955 contigit
860 4856 1024 4954 temporis
1050 4855 1164 4947 illius,
1189 4881 1231 4932 ex
1257 4881 1326 4956 quo
1352 4856 1533 4932 verborum
1553 4855 1747 4936 divinorum
1770 4857 1823 4932 iu·
