4874 6182
732 657 797 723 rar
1162 657 1195 722 a.
1231 613 1264 722 c'.
1300 647 1550 720 coronas
1591 651 1810 722 enarro.

730 859 847 934 studio
878 867 914 934 et
945 859 1063 934 ardore
1086 859 1222 936 facilem
1255 861 1385 936 habent
1418 861 1690 948 excusationem,
1726 861 1775 935 ita
1804 858 1944 934 abunde
1976 866 2247 958 compensantur

731 977 862 1078 ingenii
892 985 928 1052 ct
964 979 1138 1055 doctrinae
1172 979 1355 1068 laudibus,
1388 979 1516 1079 quibua
1554 977 1797 1054 commentatio
1826 987 1879 1052 est
1903 976 2060 1077 insignis.
2114 978 2247 1054 Quam·

732 1097 850 1171 obrem
874 1097 958 1171 ordo
982 1096 1063 1172 huic
1087 1097 1230 1196 quidem
1253 1097 1361 1186 libro,
1384 1098 1483 1198 cujus
1509 1099 1707 1197 scriptorem
1731 1121 1806 1170 esse
1831 1095 1990 1194 apparuit

1147 1239 1389 1314 Gurnrunuuu
1413 1239 1613 1314 Nrconauu
1637 1261 1686 1314 nn
1710 1238 1827 1324 anu,

947 1358 985 1428 in
1008 1357 1192 1432 Academia
1214 1358 1377 1457 Lupduao
1399 1359 1539 1432 Batava
1564 1361 1755 1434 litterarum
1787 1357 2025 1443 Caudidatcm,

732 1494 882 1592 palmam
907 1494 1176 1586 decernendum,
1200 1497 1340 1572 alterius
1364 1505 1481 1573 autem
1506 1499 1682 1598 scriptori,

1124 1639 1337 1713 Anannnuo
1362 1641 1573 1714 Gnrnmmro
1598 1661 1646 1712 nn
1670 1597 1849 1724 Kanaou,
1912 1609 1917 1620 ⁸

961 1759 998 1830 in
1022 1759 1205 1834 Academia
1228 1759 1565 1855 Rheno-llajectino
1588 1759 1780 1832 litterarum
1811 1757 2016 1842 Condidulc,

733 1874 900 1950 secundos
925 1872 1069 1950 honores
1094 1875 1295 1952 tribuendos
1320 1876 1464 1951 censuit.

677 2091 682 2102 ·
780 2067 985 2167 Pergratum
1019 2069 1104 2142 mihi
1138 2069 1281 2158 accidit,
1324 2072 1418 2169 quod
1454 2078 1509 2158 te,
1548 2071 1838 2169 praestantissime
1873 2094 1922 2144 nu
1955 2069 2071 2142 anol
2111 2065 2238 2139 virtutis

729 2193 834 2284 atque
861 2187 1034 2262 doctrinae
1054 2188 1226 2286 praemio,
1250 2213 1293 2264 ex
1315 2189 1424 2288 Regis
1448 2189 1687 2288 augustissimi
1709 2213 1845 2264 summa
1867 2187 2091 2273 auctoritate,
2116 2183 2237 2283 possim
2291 2205 2293 2210 ·

730 2305 963 2382 condecorare.
1014 2307 1070 2381 Ita
1086 2307 1186 2384 enim
1211 2331 1284 2381 rem
1309 2309 1545 2406 pertractasti,
1569 2316 1610 2382 ut
1634 2307 1762 2383 multas
1787 2307 1947 2381 historiae
1972 2313 2007 2378 et
2028 2301 2235 2402 antiquitatis

728 2431 843 2520 partes
861 2423 1082 2512 illustrando,
1107 2425 1185 2524 plus
1208 2425 1342 2500 dederis
1363 2451 1469 2525 quam
1490 2421 1586 2501 Ordo
1610 2428 1850 2526 postulaverat.
1900 2425 2010 2522 Perga
2036 2420 2234 2497 Academiae

729 2541 1090 2640 Lugduno·Batavae,
1115 2544 1286 2640 adquam
1308 2545 1414 2618 victor
1436 2545 1551 2634 redis,
1577 2569 1651 2620 ease
1674 2545 1777 2619 decus
1798 2553 1833 2620 ct
1854 2549 2114 2628 ornamentum,
2138 2547 2236 2635 atque

727 2659 781 2735 lac
806 2669 846 2735 ut
872 2686 914 2736 er
938 2659 1109 2736 industria
1132 2669 1194 2738 tua
1217 2663 1349 2738 fructus
1374 2663 1508 2740 litterae
1532 2663 1668 2764 capiant
1694 2663 1906 2738 uberrimos!

779 2779 1007 2855 Omatissimc
1039 2803 1088 2854 nn
1116 2779 1294 2856 Knnncxl
1339 2789 1478 2858 strenue
1518 2783 1606 2857 vires
1644 2781 1841 2870 intendisti,
1877 2775 1942 2855 nec
1977 2777 2132 2852 dedecori
2167 2781 2235 2863 est,

731 2897 793 2972 tali
816 2899 935 2974 victori
955 2907 991 2972 te
1013 2921 1083 2972 non
1106 2899 1334 2998 praeripuisse
1356 2903 1518 2998 palmam.
1568 2901 1755 2976 Communi
1777 2899 1871 2975 enim
1893 2897 2054 2999 judicum
2076 2893 2234 2969 sententia

729 3039 832 3090 aureo
867 3017 1018 3114 praemio
1051 3025 1113 3091 tua
1149 3017 1259 3092 etiam
1287 3019 1394 3117 digna
1425 3021 1494 3093 luit
1528 3020 1682 3118 judicata
1710 3019 1964 3094 commentatio.
2018 3017 2137 3094 Quum
2161 3035 2233 3086 vero

729 3133 875 3230 singulis
910 3132 1171 3230 quaestionibus
1205 3135 1348 3208 unicum
1383 3139 1534 3211 ameum
1559 3137 1780 3235 adsignatum
1804 3139 1868 3225 ait,
1902 3145 2063 3234 argenteo
2096 3133 2227 3216 sdtem,

729 3275 773 3324 ex
793 3250 900 3348 Regis
918 3249 1170 3348 Angustissimi
1188 3251 1424 3328 munificentia
1443 3263 1479 3329 te
1499 3261 1659 3329 ornatum
1680 3255 1795 3329 videre
1819 3263 1961 3356 gratum
1988 3279 2027 3328 ac
2045 3248 2226 3350 jucundum
2345 3251 2347 3262 '

730 3377 793 3446 est.
843 3370 976 3444 Iterum
1000 3368 1037 3442 in
1060 3392 1199 3446 arenam
1224 3371 1410 3447 descendas
1434 3379 1470 3446 et
1492 3373 1620 3471 primos
1644 3381 1679 3447 te
1703 3373 1856 3448 laturum
1881 3373 2028 3448 honores
2051 3367 2188 3446 confido.

782 3588 928 3662 Ordines
957 3589 1165 3662 Medicorum
1195 3596 1231 3663 et
1258 3591 1510 3687 disciplinarum
1535 3593 1859 3666 Matlernulieorcm
1885 3602 1920 3667 et
1943 3592 2163 3686 Plpaicorma
2190 3583 2234 3654 ad

731 3706 941 3800 quaestiones
959 3708 1151 3801 propoaitaa
1174 3707 1285 3784 neue
1307 3716 1505 3808 acceperant
1527 3713 1822 3784 commentationes.

748 3975 751 3982 ·
781 3939 882 4016 Quae
906 3939 994 4014 mihi
1018 3942 1156 4017 Rectori
1183 3944 1304 4018 ultima
1327 3967 1436 4042 eaque
1459 3944 1654 4044 gratissima
1677 3946 1885 4021 absolvenda
1907 3953 2027 4032 erant,
2052 3940 2176 4041 peragi.

777 4055 857 4131 Hoc
881 4059 992 4132 unum
1012 4069 1187 4158 superest,
1211 4070 1253 4136 ut
1273 4069 1309 4136 te
1329 4063 1540 4138 Gauranum
1562 4063 1764 4158 Jonnuumr
1782 4065 1965 4149 Muenna,
1989 4064 2026 4136 in
2044 4059 2229 4159 proximum

729 4195 861 4250 annum
892 4175 1085 4251 academiae
1115 4177 1453 4276 Rheno-trajectinae
1483 4179 1667 4254 Rectorem
1690 4207 1712 4256 a
1741 4184 1838 4283 Rege
1863 4164 2087 4281 designatum
2110 4176 2227 4277 procla·

727 4315 831 4368 mem.
876 4292 1003 4368 Sedem
1026 4294 1093 4369 tibi
1112 4287 1319 4372 destinatam
1343 4321 1482 4396 occupa.
1523 4298 1638 4388 Salve,
1659 4301 1847 4400 Magnifice
1870 4301 2019 4388 Bcctor,
2043 4300 2230 4392 iterumque

578 4427 581 4438 ·
727 4411 838 4484 salve!
888 4411 1047 4486 Florente
1068 4413 1257 4512 Academia
1277 4415 1424 4514 regundi
1445 4416 1654 4513 provinciam
1676 4421 1821 4519 suscepi.
1870 4423 2031 4496 Florente
2049 4412 2230 4492 Academia

727 4527 791 4604 hoo
813 4527 879 4603 tibi
899 4525 999 4606 trado
1020 4555 1159 4609 munus.
1210 4534 1368 4622 Crescat,
1392 4541 1427 4607 te
1449 4527 1618 4624 Rectore,
1642 4538 1726 4616 hacc
1747 4540 1838 4617 alma
1861 4541 2046 4615 Musarum
2068 4533 2185 4612 sedes!

1399 4793 1561 4824 *-
