4986 6200
714 669 758 737 14
1162 671 1200 738 1.
1235 648 1263 738 i.
1300 669 1521 739 vnanxu
1561 670 1781 738 oxxrro.

714 877 793 974 plus
833 877 938 951 semel
969 875 1007 948 id
1041 875 1209 974 imprimis
1242 879 1511 953 animadvertere
1541 879 1695 977 potuisse
1727 884 1866 977 gratum
1894 875 1981 950 mihi
2006 877 2073 952 luit
2095 902 2225 976 perque

711 997 924 1095 jucundum,
961 1020 1030 1070 non
1062 996 1159 1071 vobis
1192 997 1330 1096 probari
1358 995 1429 1072 fore'
1457 998 1643 1088 omnibus,
1668 999 1777 1072 immo
1801 996 2020 1071 vehementer
2042 995 2224 1084 detestari,

712 1142 800 1214 quae
821 1115 997 1191 incondita
1022 1123 1104 1190 sunt
1132 1122 1194 1190 aut
1214 1116 1374 1192 indecora
1396 1143 1436 1192 ac
1459 1118 1759 1216 reprehendenda,
1784 1123 1846 1191 aut
1867 1141 1887 1190 a
1906 1116 1998 1190 bono
2021 1121 2057 1189 et
2081 1116 2224 1190 honesto

554 1213 568 1344 's
711 1237 813 1334 plane
834 1234 1062 1309 abhorrentia.
1099 1235 1196 1308 Neve
1219 1236 1343 1311 horum
1365 1237 1439 1310 lues
1457 1236 1494 1309 in
1514 1238 1774 1336 mentes-inque
1796 1259 1909 1310 mores
1927 1243 2056 1310 vestros
2078 1234 2224 1336 irrepat,

712 1355 783 1428 Vos
809 1355 946 1430 summu!
970 1379 1034 1452 ope
1058 1353 1124 1427 niti
1149 1355 1263 1429 decet!

760 1475 793 1546 Ο
816 1475 839 1546 J
842 1497 968 1548 uvenes
993 1472 1188 1548 lectissimi!
1222 1475 1271 1549 ita
1301 1477 1362 1574 qui
1393 1477 1527 1552 sentitis
1555 1502 1595 1552 ac
1623 1477 1802 1576 cogitetis,
1827 1475 1920 1548 hunc
1949 1499 2110 1562 sensum,
2134 1475 2225 1548 hanc

709 1600 882 1681 mentem,
920 1593 1009 1666 hanc
1047 1593 1154 1667 animi
1180 1593 1343 1670 virtutem
1371 1595 1476 1671 etiam
1507 1604 1613 1696 atque
1646 1596 1751 1669 etiam
1782 1617 1981 1669 conservare
2001 1587 2144 1681 uelitis,
2174 1635 2225 1652 -
2269 1651 2274 1658 .

712 1735 869 1811 quaeque
892 1737 913 1786 a
933 1737 1012 1786 vero
1037 1712 1192 1788 studioso
1215 1714 1330 1789 absint
1350 1723 1505 1814 oportet,
1530 1715 1641 1815 magis
1664 1715 1845 1814 magisque
1870 1738 1891 1788 a
1915 1711 2016 1786 vobis
2037 1711 2221 1810 repellere,

684 1839 752 1920 ‚ut
774 1831 838 1906 hoc
861 1832 937 1931 ipso
955 1831 1049 1908 haud
1074 1833 1210 1922 minus,
1235 1858 1339 1931 quarn
1362 1836 1558 1924 studiorum
1580 1834 1780 1922 sedulitate,
1805 1839 1938 1908 vosmet
1959 1831 2053 1930 ipsos
2076 1829 2226 1904 maxime

713 1952 971 2026 commendatis.
1033 1953 1089 2028 Sic
1128 1955 1158 2026 si
1193 1960 1283 2028 recte
1318 1953 1448 2043 facitis,
1490 1954 1613 2052 optimi
1647 1953 1912 2028 Adolescentesl
1961 1959 2066 2049 atque
2106 1950 2142 2022 in
2186 1973 2228 2022 ea

716 2070 849 2157 studia,
890 2071 926 2144 in
962 2071 1090 2169 quibus
1123 2072 1227 2160 estis,
1265 2071 1404 2146 strenue
1436 2074 1644 2158 incumbere¹
1670 2072 1836 2172 pergitis,
1871 2080 1906 2145 et
1941 2070 2050 2146 Vobis
2088 2069 2227 2156 honori,

710 2189 918 2263 Parentibus
960 2189 1109 2288 gaudie,
1152 2191 1359 2267 Academiae
1405 2193 1536 2283 decori,
1575 2193 1707 2268 Amicis
1739 2191 1952 2288 Civibusqua
1987 2187 2155 2275 utilitati,
2192 2195 2227 2260 et

616 2290 619 2296 ¹
715 2309 850 2382 Patriae
874 2315 1075 2383 ornamento
1099 2334 1173 2386 esse
1197 2312 1363 2410 poteritis.

1340 2594 1601 2608 Η

763 2785 913 2883 Jamque
948 2785 1106 2860 Baeturia
1144 2809 1273 2860 munus
1298 2785 1453 2886 depono,
1488 2793 1523 2860 et
1552 2785 1717 2884 gratulari
1743 2785 1829 2859 mihi
1862 2807 1963 2883 posse
1993 2781 2225 2877 maximopere

716 2904 872 2999 gaudeo,
910 2903 1005 2999 quod
1042 2904 1141 2992 Tibi,
1177 2905 1230 2976 Cl.
1267 2905 1514 2990 Jnxuaonnl,
1536 2928 1641 3000 quern
1676 2905 1754 2977 Rex
1780 2901 2061 3001 Angustissimus
2095 2921 2226 2972 succes·

721 3043 831 3094 sorem
864 3019 950 3092 mihi
985 3020 1144 3093 futurum
1173 3020 1341 3107 decrevit,
1373 3019 1597 3095 Academiam
1628 3021 1763 3094 tradam
1786 3021 1975 3093 florentem.
2026 3016 2141 3102 Salve,
2166 3014 2230 3086 Vir

715 3138 917 3236 Magnifice!
955 3139 1010 3212 'Pu
1044 3162 1187 3212 munero
1221 3136 1406 3211 honorifico
1440 3135 1585 3234 fungare
1615 3135 1826 3210 felicissirne!
1877 3135 2026 3210 Molesta
2058 3132 2123 3206 tibi
2160 3131 2229 3205 sint

715 3281 844 3354 pauca,
879 3263 977 3354 grata
1008 3257 1231 3356 jucundaque
1266 3255 1394 3330 multa!
1452 3253 1609 3342 Floreat,
1641 3261 1703 3328 tuo
1735 3255 1965 3354 Magistratu,
1995 3254 2099 3340 haec,
2123 3275 2229 3348 quarn

717 3384 869 3450 nostram
914 3400 1096 3464 vocamus,
1142 3373 1347 3451 Academia!
1410 3371 1513 3447 Hanc
1548 3379 1687 3448 tueatur
1720 3375 1904 3448 Summum
1941 3375 2101 3459 Numen,
2141 3372 2229 3443 hanc

718 3502 828 3567 servet
861 3495 962 3570 nobis
990 3497 1174 3571 Musarum
1205 3493 1351 3567 Sedem!
1402 3493 1504 3571 Quae
1528 3499 1569 3564 ut
1592 3499 1739 3591 perstet,
1765 3517 1854 3592 quae
1876 3493 2008 3566 stabilis
2030 3495 2227 3589 permaneat

682 3601 687 3614 ’
717 3613 851 3687 Patriae
871 3616 1064 3691 carissimae
1082 3615 1217 3690 Lumen
1232 3619 1337 3710 etque
1354 3612 1625 3698 Ornamentum,
1639 3611 1725 3686 laxit
1737 3613 1833 3686 Deus
1849 3611 2013 3708 Optimus
2031 3609 2225 3704 Maximus!
