<?xml version="1.0" encoding="UTF-8"?>
<!DOCTYPE html PUBLIC "-//W3C//DTD XHTML 1.0 Transitional//EN"
    "http://www.w3.org/TR/xhtml1/DTD/xhtml1-transitional.dtd">
<html xmlns="http://www.w3.org/1999/xhtml" xml:lang="en" lang="en">
 <head>
  <title>
</title>
<meta http-equiv="Content-Type" content="text/html;charset=utf-8" />
  <meta name='ocr-system' content='tesseract 3.04.00' />
  <meta name='ocr-capabilities' content='ocr_page ocr_carea ocr_par ocr_line ocrx_word'/>
</head>
<body>
  <div class='ocr_page' id='page_1' title='image "annalesacademic02unkngoog_0129.png"; bbox 0 0 4874 6182; ppageno 0'>
   <div class='ocr_carea' id='block_1_1' title="bbox 730 667 1682 760">
    <p class='ocr_par' dir='ltr' id='par_1_1' title="bbox 730 667 1682 760">
     <span class='ocr_line' id='line_1_1' title="bbox 730 667 1682 760; baseline -0.033 1"><span class='ocrx_word' id='word_1_1' title='bbox 730 693 795 760; x_wconf 89' lang='grc'><strong>118</strong></span> <span class='ocrx_word' id='word_1_2' title='bbox 1291 679 1324 741; x_wconf 88' lang='lat' dir='ltr'><strong>F.</strong></span> <span class='ocrx_word' id='word_1_3' title='bbox 1359 673 1392 740; x_wconf 90' lang='lat' dir='ltr'><strong>G.</strong></span> <span class='ocrx_word' id='word_1_4' title='bbox 1427 667 1682 736; x_wconf 81' lang='lat' dir='ltr'><strong>DONDERS</strong></span> 
     </span>
    </p>
   </div>
   <div class='ocr_carea' id='block_1_2' title="bbox 733 857 2251 1226">
    <p class='ocr_par' dir='ltr' id='par_1_2' title="bbox 733 857 2251 1226">
     <span class='ocr_line' id='line_1_2' title="bbox 733 857 2249 982; baseline -0.03 -9"><span class='ocrx_word' id='word_1_5' title='bbox 733 875 947 974; x_wconf 68' lang='lat' dir='ltr'>subtiliorem</span> <span class='ocrx_word' id='word_1_6' title='bbox 979 886 1243 982; x_wconf 88' lang='lat' dir='ltr'><strong>interioremque</strong></span> <span class='ocrx_word' id='word_1_7' title='bbox 1270 881 1458 968; x_wconf 89' lang='lat' dir='ltr'><strong>rationem,</strong></span> <span class='ocrx_word' id='word_1_8' title='bbox 1493 877 1585 953; x_wconf 93' lang='lat' dir='ltr'><strong>bono</strong></span> <span class='ocrx_word' id='word_1_9' title='bbox 1605 874 1809 975; x_wconf 88' lang='lat' dir='ltr'><strong>plerumque</strong></span> <span class='ocrx_word' id='word_1_10' title='bbox 1828 863 1944 950; x_wconf 83' lang='lat' dir='ltr'><strong>exitu,</strong></span> <span class='ocrx_word' id='word_1_11' title='bbox 1970 881 2045 934; x_wconf 87' lang='lat' dir='ltr'><strong>sese</strong></span> <span class='ocrx_word' id='word_1_12' title='bbox 2064 857 2249 932; x_wconf 87' lang='lat' dir='ltr'><strong>insinuan-</strong></span> 
     </span>
     <span class='ocr_line' id='line_1_3' title="bbox 733 975 2251 1101; baseline -0.028 -11"><span class='ocrx_word' id='word_1_13' title='bbox 733 1016 818 1089; x_wconf 92' lang='lat' dir='ltr'><strong>dum</strong></span> <span class='ocrx_word' id='word_1_14' title='bbox 847 1007 979 1088; x_wconf 87' lang='lat' dir='ltr'><strong>curavit</strong></span> <span class='ocrx_word' id='word_1_15' title='bbox 1006 1013 1126 1082; x_wconf 90' lang='lat' dir='ltr'><strong>auctor</strong></span> <span class='ocrx_word' id='word_1_16' title='bbox 1137 1035 1147 1092; x_wconf 82' lang='lat'>3</span> <span class='ocrx_word' id='word_1_17' title='bbox 1178 1002 1278 1101; x_wconf 86' lang='lat' dir='ltr'><strong>eujus</strong></span> <span class='ocrx_word' id='word_1_18' title='bbox 1302 999 1482 1100; x_wconf 78' lang='lat' dir='ltr'><strong>ingenium</strong></span> <span class='ocrx_word' id='word_1_19' title='bbox 1508 991 1823 1072; x_wconf 86' lang='lat' dir='ltr'><strong>doctrinae&#39;lumen</strong></span> <span class='ocrx_word' id='word_1_20' title='bbox 1845 979 2041 1057; x_wconf 76' lang='lat' dir='ltr'>illustrabat</span> <span class='ocrx_word' id='word_1_21' title='bbox 2059 1002 2099 1054; x_wconf 88' lang='lat' dir='ltr'><strong>ac</strong></span> <span class='ocrx_word' id='word_1_22' title='bbox 2123 975 2251 1075; x_wconf 88' lang='lat' dir='ltr'><strong>judicii</strong></span> 
     </span>
     <span class='ocr_line' id='line_1_4' title="bbox 733 1093 2251 1226; baseline -0.028 -18"><span class='ocrx_word' id='word_1_23' title='bbox 733 1131 868 1208; x_wconf 78' lang='lat' dir='ltr'><strong>solertia</strong></span> <span class='ocrx_word' id='word_1_24' title='bbox 893 1126 1044 1226; x_wconf 84' lang='lat' dir='ltr'><strong>regebat.</strong></span> <span class='ocrx_word' id='word_1_25' title='bbox 1098 1125 1289 1224; x_wconf 75' lang='lat' dir='ltr'><strong>Imapiaum</strong></span> <span class='ocrx_word' id='word_1_26' title='bbox 1319 1119 1460 1194; x_wconf 89' lang='lat' dir='ltr'><strong>tandem</strong></span> <span class='ocrx_word' id='word_1_27' title='bbox 1482 1115 1847 1215; x_wconf 75' lang='lat' dir='ltr'><strong>conparationemque,</strong></span> <span class='ocrx_word' id='word_1_28' title='bbox 1879 1099 2008 1200; x_wconf 83' lang='lat' dir='ltr'><strong>quibua</strong></span> <span class='ocrx_word' id='word_1_29' title='bbox 2031 1093 2251 1172; x_wconf 85' lang='lat' dir='ltr'><strong>sanctissimo</strong></span> 
     </span>
    </p>
   </div>
   <div class='ocr_carea' id='block_1_3' title="bbox 731 1218 2248 1465">
    <p class='ocr_par' dir='ltr' id='par_1_3' title="bbox 731 1218 2248 1465">
     <span class='ocr_line' id='line_1_5' title="bbox 731 1218 2150 1352; baseline -0.027 -26"><span class='ocrx_word' id='word_1_30' title='bbox 731 1253 815 1326; x_wconf 89' lang='lat' dir='ltr'><strong>haee</strong></span> <span class='ocrx_word' id='word_1_31' title='bbox 839 1249 951 1324; x_wconf 87' lang='lat' dir='ltr'><strong>elucet</strong></span> <span class='ocrx_word' id='word_1_32' title='bbox 974 1244 1151 1345; x_wconf 83' lang='lat' dir='ltr'><strong>Epistola,</strong></span> <span class='ocrx_word' id='word_1_33' title='bbox 1176 1242 1369 1352; x_wconf 85' lang='lat' dir='ltr'><strong>elegantem</strong></span> <span class='ocrx_word' id='word_1_34' title='bbox 1394 1261 1430 1312; x_wconf 89' lang='lat' dir='ltr'><strong>se</strong></span> <span class='ocrx_word' id='word_1_35' title='bbox 1455 1231 1702 1311; x_wconf 88' lang='lat' dir='ltr'><strong>demonstravit</strong></span> <span class='ocrx_word' id='word_1_36' title='bbox 1724 1225 1894 1302; x_wconf 88' lang='lat' dir='ltr'><strong>arbitmm</strong></span> <span class='ocrx_word' id='word_1_37' title='bbox 1916 1218 2150 1318; x_wconf 87' lang='lat' dir='ltr'><strong>judicemque.</strong></span> 
     </span>
     <span class='ocr_line' id='line_1_6' title="bbox 779 1333 2248 1465; baseline -0.03 -17"><span class='ocrx_word' id='word_1_38' title='bbox 779 1371 881 1448; x_wconf 86' lang='lat' dir='ltr'><strong>Quae</strong></span> <span class='ocrx_word' id='word_1_39' title='bbox 916 1366 1024 1465; x_wconf 85' lang='lat' dir='ltr'><strong>igitur</strong></span> <span class='ocrx_word' id='word_1_40' title='bbox 1058 1387 1138 1438; x_wconf 91' lang='lat' dir='ltr'><strong>oum</strong></span> <span class='ocrx_word' id='word_1_41' title='bbox 1171 1363 1221 1436; x_wconf 85' lang='lat' dir='ltr'><strong>ita</strong></span> <span class='ocrx_word' id='word_1_42' title='bbox 1247 1368 1383 1446; x_wconf 88' lang='lat' dir='ltr'><strong>essent,</strong></span> <span class='ocrx_word' id='word_1_43' title='bbox 1411 1357 1563 1442; x_wconf 58' lang='lat' dir='ltr'><strong>‚litterato</strong></span> <span class='ocrx_word' id='word_1_44' title='bbox 1589 1354 1654 1427; x_wconf 91' lang='lat' dir='ltr'><strong>hoc</strong></span> <span class='ocrx_word' id='word_1_45' title='bbox 1677 1349 1715 1422; x_wconf 88' lang='lat' dir='ltr'><strong>in</strong></span> <span class='ocrx_word' id='word_1_46' title='bbox 1738 1341 1923 1421; x_wconf 87' lang='lat' dir='ltr'><strong>certamino</strong></span> <span class='ocrx_word' id='word_1_47' title='bbox 1945 1337 2109 1412; x_wconf 86' lang='lat' dir='ltr'><strong>victorem</strong></span> <span class='ocrx_word' id='word_1_48' title='bbox 2135 1333 2248 1407; x_wconf 86' lang='lat' dir='ltr'><strong>decta·</strong></span> 
     </span>
    </p>
   </div>
   <div class='ocr_carea' id='block_1_4' title="bbox 729 1450 2250 1707">
    <p class='ocr_par' dir='ltr' id='par_1_4' title="bbox 729 1450 2250 1707">
     <span class='ocr_line' id='line_1_7' title="bbox 729 1450 2250 1579; baseline -0.027 -16"><span class='ocrx_word' id='word_1_49' title='bbox 729 1489 817 1564; x_wconf 88' lang='lat' dir='ltr'><strong>ravit</strong></span> <span class='ocrx_word' id='word_1_50' title='bbox 847 1487 943 1560; x_wconf 90' lang='lat' dir='ltr'><strong>Ordo</strong></span> <span class='ocrx_word' id='word_1_51' title='bbox 974 1485 1098 1559; x_wconf 82' lang='lat' dir='ltr'><em>tertiae</em></span> <span class='ocrx_word' id='word_1_52' title='bbox 1121 1479 1227 1579; x_wconf 88' lang='lat' dir='ltr'><strong>hujus</strong></span> <span class='ocrx_word' id='word_1_53' title='bbox 1251 1474 1549 1554; x_wconf 78' lang='lat' dir='ltr'>commentationis</span> <span class='ocrx_word' id='word_1_54' title='bbox 1573 1478 1758 1548; x_wconf 84' lang='lat' dir='ltr'><strong>auctorem.</strong></span> <span class='ocrx_word' id='word_1_55' title='bbox 1810 1464 1950 1546; x_wconf 83' lang='lat' dir='ltr'><strong>Quem,</strong></span> <span class='ocrx_word' id='word_1_56' title='bbox 1975 1457 2092 1556; x_wconf 70' lang='lat' dir='ltr'><strong>apertat</strong></span> <span class='ocrx_word' id='word_1_57' title='bbox 2113 1450 2250 1526; x_wconf 78' lang='lat' dir='ltr'><strong>aciduli</strong></span> 
     </span>
     <span class='ocr_line' id='line_1_8' title="bbox 730 1592 1609 1707; baseline -0.02 -24"><span class='ocrx_word' id='word_1_58' title='bbox 730 1608 894 1707; x_wconf 77' lang='lat' dir='ltr'><strong>justique</strong></span> <span class='ocrx_word' id='word_1_59' title='bbox 917 1601 1078 1678; x_wconf 70' lang='lat' dir='ltr'><strong>instituti</strong></span> <span class='ocrx_word' id='word_1_60' title='bbox 1102 1599 1325 1698; x_wconf 81' lang='lat' dir='ltr'><strong>probatione,</strong></span> <span class='ocrx_word' id='word_1_61' title='bbox 1350 1620 1425 1671; x_wconf 88' lang='lat' dir='ltr'><strong>esse</strong></span> <span class='ocrx_word' id='word_1_62' title='bbox 1449 1592 1609 1694; x_wconf 86' lang='lat' dir='ltr'><strong>apparuit</strong></span> 
     </span>
    </p>
   </div>
   <div class='ocr_carea' id='block_1_5' title="bbox 942 1829 2030 2056">
    <p class='ocr_par' dir='ltr' id='par_1_5' title="bbox 942 1829 2030 2056">
     <span class='ocr_line' id='line_1_9' title="bbox 1222 1829 1757 1912; baseline -0.019 -4"><span class='ocrx_word' id='word_1_63' title='bbox 1222 1837 1434 1908; x_wconf 74' lang='lat' dir='ltr'><strong>Grannona</strong></span> <span class='ocrx_word' id='word_1_64' title='bbox 1457 1853 1532 1905; x_wconf 77' lang='lat' dir='ltr'><strong>vau</strong></span> <span class='ocrx_word' id='word_1_65' title='bbox 1554 1829 1757 1912; x_wconf 83' lang='lat' dir='ltr'><strong>Lenuwnr,</strong></span> 
     </span>
     <span class='ocr_line' id='line_1_10' title="bbox 942 1937 2030 2056; baseline -0.022 -26"><span class='ocrx_word' id='word_1_66' title='bbox 942 1958 1140 2056; x_wconf 75' lang='lat' dir='ltr'><strong>Theolopiac</strong></span> <span class='ocrx_word' id='word_1_67' title='bbox 1163 1953 1498 2050; x_wconf 71' lang='lat' dir='ltr'><strong>Rheno-diaJ&#39;ectiaa</strong></span> <span class='ocrx_word' id='word_1_68' title='bbox 1521 1953 1559 2024; x_wconf 84' lang='lat' dir='ltr'><strong>ia</strong></span> <span class='ocrx_word' id='word_1_69' title='bbox 1582 1946 1766 2021; x_wconf 72' lang='lat' dir='ltr'><strong>Academia</strong></span> <span class='ocrx_word' id='word_1_70' title='bbox 1796 1937 2030 2013; x_wconf 72' lang='lat' dir='ltr'><strong>Caulidatum.</strong></span> 
     </span>
    </p>
   </div>
   <div class='ocr_carea' id='block_1_6' title="bbox 688 2171 2248 2773">
    <p class='ocr_par' dir='ltr' id='par_1_6' title="bbox 688 2171 2246 2542">
     <span class='ocr_line' id='line_1_11' title="bbox 783 2171 2244 2283; baseline -0.025 -9"><span class='ocrx_word' id='word_1_71' title='bbox 783 2201 858 2274; x_wconf 90' lang='lat' dir='ltr'><strong>Nec</strong></span> <span class='ocrx_word' id='word_1_72' title='bbox 892 2222 971 2271; x_wconf 89' lang='lat' dir='ltr'><strong>vcro</strong></span> <span class='ocrx_word' id='word_1_73' title='bbox 1010 2220 1073 2270; x_wconf 86' lang='lat' dir='ltr'><strong>suo</strong></span> <span class='ocrx_word' id='word_1_74' title='bbox 1109 2191 1384 2267; x_wconf 81' lang='lat' dir='ltr'><strong>defraudandum</strong></span> <span class='ocrx_word' id='word_1_75' title='bbox 1419 2190 1547 2263; x_wconf 89' lang='lat' dir='ltr'><strong>honore</strong></span> <span class='ocrx_word' id='word_1_76' title='bbox 1579 2184 1745 2283; x_wconf 81' lang='lat' dir='ltr'><strong>Theologi</strong></span> <span class='ocrx_word' id='word_1_77' title='bbox 1770 2183 1978 2256; x_wconf 88' lang='lat' dir='ltr'><strong>censuerunt</strong></span> <span class='ocrx_word' id='word_1_78' title='bbox 2000 2171 2111 2256; x_wconf 85' lang='lat' dir='ltr'><strong>iltius,</strong></span> <span class='ocrx_word' id='word_1_79' title='bbox 2144 2187 2244 2264; x_wconf 89' lang='lat' dir='ltr'><strong>quam</strong></span> 
     </span>
     <span class='ocr_line' id='line_1_12' title="bbox 736 2285 2246 2408; baseline -0.026 -13"><span class='ocrx_word' id='word_1_80' title='bbox 736 2323 844 2395; x_wconf 80' lang='lat' dir='ltr'><strong>allero</strong></span> <span class='ocrx_word' id='word_1_81' title='bbox 866 2320 935 2391; x_wconf 90' lang='lat' dir='ltr'><strong>loco</strong></span> <span class='ocrx_word' id='word_1_82' title='bbox 951 2315 1206 2401; x_wconf 82' lang='lat' dir='ltr'><strong>recensuimus,</strong></span> <span class='ocrx_word' id='word_1_83' title='bbox 1232 2309 1475 2408; x_wconf 83' lang='lat' dir='ltr'><strong>disputationis</strong></span> <span class='ocrx_word' id='word_1_84' title='bbox 1496 2313 1690 2392; x_wconf 83' lang='lat' dir='ltr'><strong>auctorem,</strong></span> <span class='ocrx_word' id='word_1_85' title='bbox 1713 2303 1889 2376; x_wconf 77' lang='lat' dir='ltr'><strong>Bomrvrr</strong></span> <span class='ocrx_word' id='word_1_86' title='bbox 1901 2295 1994 2369; x_wconf 90' lang='lat' dir='ltr'><strong>dicto</strong></span> <span class='ocrx_word' id='word_1_87' title='bbox 2013 2313 2119 2365; x_wconf 90' lang='lat' dir='ltr'><strong>usum</strong></span> <span class='ocrx_word' id='word_1_88' title='bbox 2135 2285 2246 2360; x_wconf 85' lang='lat' dir='ltr'><strong>illum:</strong></span> 
     </span>
     <span class='ocr_line' id='line_1_13' title="bbox 688 2401 2246 2542; baseline -0.026 -26"><span class='ocrx_word' id='word_1_89' title='bbox 688 2533 693 2542; x_wconf 33' lang='lat'><strong>·</strong></span> <span class='ocrx_word' id='word_1_90' title='bbox 734 2443 826 2515; x_wconf 82' lang='lat' dir='ltr'><strong>Rieu</strong></span> <span class='ocrx_word' id='word_1_91' title='bbox 863 2439 950 2510; x_wconf 85' lang='lat' dir='ltr'><strong>a’cst</strong></span> <span class='ocrx_word' id='word_1_92' title='bbox 982 2439 1066 2510; x_wconf 84' lang='lat' dir='ltr'><strong>teau</strong></span> <span class='ocrx_word' id='word_1_93' title='bbox 1095 2458 1159 2533; x_wconf 85' lang='lat' dir='ltr'><strong>quc</strong></span> <span class='ocrx_word' id='word_1_94' title='bbox 1189 2433 1221 2506; x_wconf 83' lang='lat' dir='ltr'><strong>le</strong></span> <span class='ocrx_word' id='word_1_95' title='bbox 1247 2433 1324 2504; x_wconf 78' lang='lat' dir='ltr'><strong>arat</strong></span> <span class='ocrx_word' id='word_1_96' title='bbox 1342 2437 1415 2504; x_wconf 85' lang='lat' dir='ltr'><strong>eto.</strong></span> <span class='ocrx_word' id='word_1_97' title='bbox 1467 2429 1584 2505; x_wconf 89' lang='lat' dir='ltr'><strong>Quem</strong></span> <span class='ocrx_word' id='word_1_98' title='bbox 1605 2423 1711 2498; x_wconf 88' lang='lat' dir='ltr'><strong>etiam</strong></span> <span class='ocrx_word' id='word_1_99' title='bbox 1733 2421 1850 2518; x_wconf 90' lang='lat' dir='ltr'><strong>ipsum</strong></span> <span class='ocrx_word' id='word_1_100' title='bbox 1876 2423 1949 2488; x_wconf 90' lang='lat' dir='ltr'><strong>tam</strong></span> <span class='ocrx_word' id='word_1_101' title='bbox 1978 2407 2118 2510; x_wconf 81' lang='lat' dir='ltr'><strong>egregie</strong></span> <span class='ocrx_word' id='word_1_102' title='bbox 2137 2401 2246 2503; x_wconf 91' lang='lat' dir='ltr'><strong>prodi·</strong></span> 
     </span>
    </p>

    <p class='ocr_par' dir='ltr' id='par_1_7' title="bbox 733 2521 2248 2773">
     <span class='ocr_line' id='line_1_14' title="bbox 734 2521 2248 2648; baseline -0.024 -15"><span class='ocrx_word' id='word_1_103' title='bbox 734 2559 825 2632; x_wconf 87' lang='lat' dir='ltr'><strong>disse</strong></span> <span class='ocrx_word' id='word_1_104' title='bbox 862 2554 1052 2630; x_wconf 86' lang='lat' dir='ltr'><strong>industriae</strong></span> <span class='ocrx_word' id='word_1_105' title='bbox 1090 2550 1333 2648; x_wconf 86' lang='lat' dir='ltr'><strong>doctrinaeque</strong></span> <span class='ocrx_word' id='word_1_106' title='bbox 1371 2548 1579 2623; x_wconf 88' lang='lat' dir='ltr'><strong>documenta</strong></span> <span class='ocrx_word' id='word_1_107' title='bbox 1614 2541 1728 2616; x_wconf 87' lang='lat' dir='ltr'><strong>visum</strong></span> <span class='ocrx_word' id='word_1_108' title='bbox 1759 2545 1832 2626; x_wconf 90' lang='lat' dir='ltr'><strong>est,</strong></span> <span class='ocrx_word' id='word_1_109' title='bbox 1864 2541 1905 2609; x_wconf 87' lang='lat' dir='ltr'><strong>ut</strong></span> <span class='ocrx_word' id='word_1_110' title='bbox 1926 2530 2112 2608; x_wconf 88' lang='lat' dir='ltr'><strong>honorifico</strong></span> <span class='ocrx_word' id='word_1_111' title='bbox 2135 2521 2248 2600; x_wconf 86' lang='lat' dir='ltr'><strong>laudis</strong></span> 
     </span>
     <span class='ocr_line' id='line_1_15' title="bbox 733 2641 2246 2773; baseline -0.024 -22"><span class='ocrx_word' id='word_1_112' title='bbox 733 2675 931 2752; x_wconf 87' lang='lat' dir='ltr'><strong>testimonio</strong></span> <span class='ocrx_word' id='word_1_113' title='bbox 952 2672 1090 2773; x_wconf 88' lang='lat' dir='ltr'><strong>publice</strong></span> <span class='ocrx_word' id='word_1_114' title='bbox 1111 2669 1287 2745; x_wconf 85' lang='lat' dir='ltr'><strong>ornandus</strong></span> <span class='ocrx_word' id='word_1_115' title='bbox 1313 2675 1413 2744; x_wconf 87' lang='lat' dir='ltr'><strong>esset.</strong></span> <span class='ocrx_word' id='word_1_116' title='bbox 1437 2684 1446 2696; x_wconf 85' lang='lat'>&#39;</span> <span class='ocrx_word' id='word_1_117' title='bbox 1464 2663 1654 2750; x_wconf 87' lang='lat' dir='ltr'><strong>Quocirca,</strong></span> <span class='ocrx_word' id='word_1_118' title='bbox 1678 2665 1904 2758; x_wconf 85' lang='lat' dir='ltr'><strong>posteaquam</strong></span> <span class='ocrx_word' id='word_1_119' title='bbox 1927 2651 2073 2749; x_wconf 79' lang='lat' dir='ltr'><strong>adipso</strong></span> <span class='ocrx_word' id='word_1_120' title='bbox 2094 2641 2246 2720; x_wconf 89' lang='lat' dir='ltr'><strong>nominis</strong></span> 
     </span>
    </p>
   </div>
   <div class='ocr_carea' id='block_1_7' title="bbox 586 2761 2245 2895">
    <p class='ocr_par' dir='ltr' id='par_1_8' title="bbox 586 2761 2245 2895">
     <span class='ocr_line' id='line_1_16' title="bbox 586 2761 2245 2895; baseline -0.026 -20"><span class='ocrx_word' id='word_1_121' title='bbox 586 2779 591 2790; x_wconf 45' lang='lat'>⁸</span> <span class='ocrx_word' id='word_1_122' title='bbox 734 2797 868 2895; x_wconf 88' lang='lat' dir='ltr'><strong>copiam</strong></span> <span class='ocrx_word' id='word_1_123' title='bbox 904 2796 1030 2868; x_wconf 81' lang='lat' dir='ltr'><strong>fecerat</strong></span> <span class='ocrx_word' id='word_1_124' title='bbox 1063 2797 1202 2878; x_wconf 86' lang='lat' dir='ltr'><strong>auctor,</strong></span> <span class='ocrx_word' id='word_1_125' title='bbox 1239 2788 1412 2890; x_wconf 68' lang='lat' dir='ltr'><strong>resignata</strong></span> <span class='ocrx_word' id='word_1_126' title='bbox 1444 2779 1743 2861; x_wconf 84' lang='lat' dir='ltr'><strong>commentationis</strong></span> <span class='ocrx_word' id='word_1_127' title='bbox 1775 2773 1907 2851; x_wconf 82' lang='lat' dir='ltr'><strong>acidula</strong></span> <span class='ocrx_word' id='word_1_128' title='bbox 1941 2779 1993 2864; x_wconf 92' lang='lat' dir='ltr'><strong>(ac</strong></span> <span class='ocrx_word' id='word_1_129' title='bbox 2013 2765 2169 2867; x_wconf 73' lang='lat' dir='ltr'><strong>legitima</strong></span> <span class='ocrx_word' id='word_1_130' title='bbox 2192 2761 2245 2834; x_wconf 93' lang='lat' dir='ltr'><strong>in·</strong></span> 
     </span>
    </p>
   </div>
   <div class='ocr_carea' id='block_1_8' title="bbox 735 2903 1539 3013">
    <p class='ocr_par' dir='ltr' id='par_1_9' title="bbox 735 2903 1539 3013">
     <span class='ocr_line' id='line_1_17' title="bbox 735 2903 1539 3013; baseline -0.015 -23"><span class='ocrx_word' id='word_1_131' title='bbox 735 2903 855 2990; x_wconf 82' lang='lat' dir='ltr'><strong>stitutat</strong></span> <span class='ocrx_word' id='word_1_132' title='bbox 879 2912 1132 3013; x_wconf 89' lang='lat' dir='ltr'><strong>disquisitione)</strong></span> <span class='ocrx_word' id='word_1_133' title='bbox 1158 2910 1253 2984; x_wconf 91' lang='lat' dir='ltr'><strong>hunc</strong></span> <span class='ocrx_word' id='word_1_134' title='bbox 1276 2933 1352 2985; x_wconf 83' lang='lat' dir='ltr'><strong>esse</strong></span> <span class='ocrx_word' id='word_1_135' title='bbox 1379 2906 1539 3008; x_wconf 87' lang='lat' dir='ltr'><strong>apparuit</strong></span> 
     </span>
    </p>
   </div>
   <div class='ocr_carea' id='block_1_9' title="bbox 978 3141 2008 3365">
    <p class='ocr_par' dir='ltr' id='par_1_10' title="bbox 978 3141 2008 3365">
     <span class='ocr_line' id='line_1_18' title="bbox 1299 3141 1689 3227; baseline -0.018 -8"><span class='ocrx_word' id='word_1_136' title='bbox 1299 3145 1502 3219; x_wconf 82' lang='lat' dir='ltr'><strong>Hnnnrcmr</strong></span> <span class='ocrx_word' id='word_1_137' title='bbox 1526 3141 1689 3227; x_wconf 86' lang='lat' dir='ltr'><strong>Woaar,</strong></span> 
     </span>
     <span class='ocr_line' id='line_1_19' title="bbox 978 3252 2008 3365; baseline -0.016 -27"><span class='ocrx_word' id='word_1_138' title='bbox 978 3267 1175 3365; x_wconf 70' lang='lat' dir='ltr'><strong>i&#39;lreolopiae</strong></span> <span class='ocrx_word' id='word_1_139' title='bbox 1198 3265 1515 3364; x_wconf 65' lang='lat' dir='ltr'><strong>arpenno-Batava</strong></span> <span class='ocrx_word' id='word_1_140' title='bbox 1538 3264 1576 3335; x_wconf 82' lang='lat' dir='ltr'><strong>ia</strong></span> <span class='ocrx_word' id='word_1_141' title='bbox 1599 3257 1781 3333; x_wconf 72' lang='lat' dir='ltr'><strong>Acadaur&#39;a</strong></span> <span class='ocrx_word' id='word_1_142' title='bbox 1806 3252 2008 3328; x_wconf 78' lang='lat' dir='ltr'><strong>Studiorum.</strong></span> 
     </span>
    </p>
   </div>
   <div class='ocr_carea' id='block_1_10' title="bbox 626 3477 2251 4913">
    <p class='ocr_par' dir='ltr' id='par_1_11' title="bbox 738 3477 2247 4314">
     <span class='ocr_line' id='line_1_20' title="bbox 787 3477 2247 3598; baseline -0.018 -20"><span class='ocrx_word' id='word_1_143' title='bbox 787 3505 1085 3580; x_wconf 89' lang='lat' dir='ltr'><strong>Praestantissima</strong></span> <span class='ocrx_word' id='word_1_144' title='bbox 1108 3527 1181 3578; x_wconf 77' lang='lat' dir='ltr'><strong>vau</strong></span> <span class='ocrx_word' id='word_1_145' title='bbox 1203 3503 1412 3578; x_wconf 64' lang='lat' dir='ltr'><strong>manarat</strong></span> <span class='ocrx_word' id='word_1_146' title='bbox 1454 3501 1508 3576; x_wconf 84' lang='lat' dir='ltr'><strong>Ex</strong></span> <span class='ocrx_word' id='word_1_147' title='bbox 1544 3498 1636 3598; x_wconf 88' lang='lat' dir='ltr'><strong>regis</strong></span> <span class='ocrx_word' id='word_1_148' title='bbox 1668 3491 1870 3570; x_wconf 86' lang='lat' dir='ltr'><strong>auctoritate</strong></span> <span class='ocrx_word' id='word_1_149' title='bbox 1901 3489 2029 3563; x_wconf 85' lang='lat' dir='ltr'><strong>lubens</strong></span> <span class='ocrx_word' id='word_1_150' title='bbox 2059 3482 2126 3558; x_wconf 91' lang='lat' dir='ltr'><strong>tibi</strong></span> <span class='ocrx_word' id='word_1_151' title='bbox 2155 3477 2247 3590; x_wconf 87' lang='lat' dir='ltr'><strong>trado</strong></span> 
     </span>
     <span class='ocr_line' id='line_1_21' title="bbox 739 3601 2245 3724; baseline -0.013 -28"><span class='ocrx_word' id='word_1_152' title='bbox 739 3625 876 3698; x_wconf 87' lang='lat' dir='ltr'><strong>virtutis</strong></span> <span class='ocrx_word' id='word_1_153' title='bbox 911 3632 1015 3724; x_wconf 89' lang='lat' dir='ltr'><strong>atque</strong></span> <span class='ocrx_word' id='word_1_154' title='bbox 1047 3624 1222 3700; x_wconf 87' lang='lat' dir='ltr'><strong>doctrinae</strong></span> <span class='ocrx_word' id='word_1_155' title='bbox 1258 3621 1460 3720; x_wconf 87' lang='lat' dir='ltr'><strong>praemium.</strong></span> <span class='ocrx_word' id='word_1_156' title='bbox 1510 3620 1560 3694; x_wconf 74' lang='lat' dir='ltr'><strong>&#39;l&#39;o</strong></span> <span class='ocrx_word' id='word_1_157' title='bbox 1586 3618 1631 3693; x_wconf 93' lang='lat' dir='ltr'><strong>ob</strong></span> <span class='ocrx_word' id='word_1_158' title='bbox 1657 3611 1865 3688; x_wconf 88' lang='lat' dir='ltr'><strong>industriam</strong></span> <span class='ocrx_word' id='word_1_159' title='bbox 1884 3617 1983 3684; x_wconf 88' lang='lat' dir='ltr'><strong>tuam</strong></span> <span class='ocrx_word' id='word_1_160' title='bbox 2016 3612 2052 3679; x_wconf 90' lang='lat' dir='ltr'><strong>et</strong></span> <span class='ocrx_word' id='word_1_161' title='bbox 2079 3601 2245 3702; x_wconf 84' lang='lat' dir='ltr'><strong>ogregiam</strong></span> 
     </span>
     <span class='ocr_line' id='line_1_22' title="bbox 740 3723 2244 3841; baseline -0.014 -25"><span class='ocrx_word' id='word_1_162' title='bbox 740 3743 848 3816; x_wconf 90' lang='lat' dir='ltr'><strong>animi</strong></span> <span class='ocrx_word' id='word_1_163' title='bbox 881 3743 1034 3817; x_wconf 91' lang='lat' dir='ltr'><strong>indolem</strong></span> <span class='ocrx_word' id='word_1_164' title='bbox 1064 3742 1135 3841; x_wconf 89' lang='lat' dir='ltr'><strong>jam</strong></span> <span class='ocrx_word' id='word_1_165' title='bbox 1167 3742 1301 3816; x_wconf 93' lang='lat' dir='ltr'><strong>dudum</strong></span> <span class='ocrx_word' id='word_1_166' title='bbox 1331 3741 1451 3839; x_wconf 84' lang='lat' dir='ltr'><strong>magni</strong></span> <span class='ocrx_word' id='word_1_167' title='bbox 1480 3739 1705 3814; x_wconf 88' lang='lat' dir='ltr'><strong>aestimarunt</strong></span> <span class='ocrx_word' id='word_1_168' title='bbox 1733 3737 1839 3830; x_wconf 85' lang='lat' dir='ltr'><strong>atquo</strong></span> <span class='ocrx_word' id='word_1_169' title='bbox 1866 3728 2063 3802; x_wconf 85' lang='lat' dir='ltr'><strong>dilexerunt</strong></span> <span class='ocrx_word' id='word_1_170' title='bbox 2086 3723 2244 3815; x_wconf 80' lang='lat' dir='ltr'><strong>Praecep-</strong></span> 
     </span>
     <span class='ocr_line' id='line_1_23' title="bbox 738 3836 2246 3948; baseline -0.013 -14"><span class='ocrx_word' id='word_1_171' title='bbox 738 3869 852 3948; x_wconf 88' lang='lat' dir='ltr'><strong>tores,</strong></span> <span class='ocrx_word' id='word_1_172' title='bbox 890 3860 1159 3934; x_wconf 76' lang='lat' dir='ltr'><strong>commilitones.</strong></span> <span class='ocrx_word' id='word_1_173' title='bbox 1209 3857 1352 3932; x_wconf 86' lang='lat' dir='ltr'><strong>Publice</strong></span> <span class='ocrx_word' id='word_1_174' title='bbox 1385 3857 1488 3930; x_wconf 89' lang='lat' dir='ltr'><strong>laudo</strong></span> <span class='ocrx_word' id='word_1_175' title='bbox 1516 3856 1604 3930; x_wconf 89' lang='lat' dir='ltr'><strong>hanc</strong></span> <span class='ocrx_word' id='word_1_176' title='bbox 1633 3861 1731 3926; x_wconf 85' lang='lat' dir='ltr'><strong>tuam</strong></span> <span class='ocrx_word' id='word_1_177' title='bbox 1750 3849 1958 3924; x_wconf 85' lang='lat' dir='ltr'><strong>industriam</strong></span> <span class='ocrx_word' id='word_1_178' title='bbox 1984 3853 2155 3941; x_wconf 86' lang='lat' dir='ltr'><strong>tuamque</strong></span> <span class='ocrx_word' id='word_1_179' title='bbox 2176 3836 2246 3934; x_wconf 80' lang='lat' dir='ltr'><strong>pie·</strong></span> 
     </span>
     <span class='ocr_line' id='line_1_24' title="bbox 739 3953 2247 4077; baseline -0.008 -27"><span class='ocrx_word' id='word_1_180' title='bbox 739 3987 867 4066; x_wconf 88' lang='lat' dir='ltr'><strong>tatem,</strong></span> <span class='ocrx_word' id='word_1_181' title='bbox 902 4003 1120 4077; x_wconf 85' lang='lat' dir='ltr'><strong>augurorquc</strong></span> <span class='ocrx_word' id='word_1_182' title='bbox 1160 3978 1253 4064; x_wconf 81' lang='lat' dir='ltr'><strong>iore,</strong></span> <span class='ocrx_word' id='word_1_183' title='bbox 1296 3983 1337 4050; x_wconf 83' lang='lat' dir='ltr'><strong>ut</strong></span> <span class='ocrx_word' id='word_1_184' title='bbox 1367 3975 1486 4050; x_wconf 87' lang='lat' dir='ltr'><strong>matris</strong></span> <span class='ocrx_word' id='word_1_185' title='bbox 1520 3973 1671 4073; x_wconf 87' lang='lat' dir='ltr'><strong>optimae</strong></span> <span class='ocrx_word' id='word_1_186' title='bbox 1711 3968 1925 4056; x_wconf 74' lang='lat' dir='ltr'><strong>canssimae,</strong></span> <span class='ocrx_word' id='word_1_187' title='bbox 1958 3987 2049 4063; x_wconf 89' lang='lat' dir='ltr'><strong>quaa</strong></span> <span class='ocrx_word' id='word_1_188' title='bbox 2084 3958 2149 4033; x_wconf 79' lang='lat' dir='ltr'><strong>tali</strong></span> <span class='ocrx_word' id='word_1_189' title='bbox 2180 3953 2247 4027; x_wconf 77' lang='lat' dir='ltr'><strong>fili⁰</strong></span> 
     </span>
     <span class='ocr_line' id='line_1_25' title="bbox 739 4073 2247 4196; baseline -0.016 -27"><span class='ocrx_word' id='word_1_190' title='bbox 739 4098 815 4195; x_wconf 86' lang='lat' dir='ltr'><strong>jure</strong></span> <span class='ocrx_word' id='word_1_191' title='bbox 845 4097 1027 4194; x_wconf 83' lang='lat' dir='ltr'><strong>gloriatur,</strong></span> <span class='ocrx_word' id='word_1_192' title='bbox 1060 4096 1188 4196; x_wconf 85' lang='lat' dir='ltr'><strong>gaudia</strong></span> <span class='ocrx_word' id='word_1_193' title='bbox 1222 4093 1398 4172; x_wconf 87' lang='lat' dir='ltr'><strong>cumulare</strong></span> <span class='ocrx_word' id='word_1_194' title='bbox 1430 4117 1553 4194; x_wconf 80' lang='lat' dir='ltr'><strong>pergas</strong></span> <span class='ocrx_word' id='word_1_195' title='bbox 1576 4091 1676 4166; x_wconf 87' lang='lat' dir='ltr'><strong>etad</strong></span> <span class='ocrx_word' id='word_1_196' title='bbox 1700 4089 1828 4188; x_wconf 87' lang='lat' dir='ltr'><strong>majora</strong></span> <span class='ocrx_word' id='word_1_197' title='bbox 1848 4083 2037 4163; x_wconf 83' lang='lat' dir='ltr'><strong>contendas</strong></span> <span class='ocrx_word' id='word_1_198' title='bbox 2060 4073 2247 4154; x_wconf 84' lang='lat' dir='ltr'><strong>industriae</strong></span> 
     </span>
     <span class='ocr_line' id='line_1_26' title="bbox 740 4215 1296 4314; baseline -0.002 -24"><span class='ocrx_word' id='word_1_199' title='bbox 740 4223 845 4314; x_wconf 86' lang='lat' dir='ltr'><strong>atque</strong></span> <span class='ocrx_word' id='word_1_200' title='bbox 869 4215 1005 4290; x_wconf 71' lang='lat' dir='ltr'><strong>virtum</strong></span> <span class='ocrx_word' id='word_1_201' title='bbox 1027 4215 1187 4314; x_wconf 90' lang='lat' dir='ltr'><strong>praemia.</strong></span> <span class='ocrx_word' id='word_1_202' title='bbox 1291 4259 1296 4269; x_wconf 93' lang='lat'><em>·</em></span> 
     </span>
    </p>

    <p class='ocr_par' dir='ltr' id='par_1_12' title="bbox 626 4309 2251 4913">
     <span class='ocr_line' id='line_1_27' title="bbox 790 4327 2250 4423; baseline 0.001 -17"><span class='ocrx_word' id='word_1_203' title='bbox 790 4334 1018 4410; x_wconf 88' lang='lat' dir='ltr'><strong>Ornatissima</strong></span> <span class='ocrx_word' id='word_1_204' title='bbox 1051 4335 1222 4410; x_wconf 79' lang='lat' dir='ltr'><strong>Hermon</strong></span> <span class='ocrx_word' id='word_1_205' title='bbox 1249 4334 1418 4408; x_wconf 82' lang='lat' dir='ltr'><strong>Vooasrt</strong></span> <span class='ocrx_word' id='word_1_206' title='bbox 1468 4333 1632 4406; x_wconf 78' lang='lat' dir='ltr'><strong>Testante</strong></span> <span class='ocrx_word' id='word_1_207' title='bbox 1664 4329 1784 4403; x_wconf 90' lang='lat' dir='ltr'><strong>ordine</strong></span> <span class='ocrx_word' id='word_1_208' title='bbox 1821 4327 2081 4423; x_wconf 78' lang='lat' dir='ltr'><strong>thedogornm</strong></span> <span class='ocrx_word' id='word_1_209' title='bbox 2118 4335 2250 4416; x_wconf 61' lang='lat' dir='ltr'><strong>egfflgffl</strong></span> 
     </span>
     <span class='ocr_line' id='line_1_28' title="bbox 739 4431 2250 4551; baseline -0.007 -25"><span class='ocrx_word' id='word_1_210' title='bbox 739 4453 923 4550; x_wconf 90' lang='lat' dir='ltr'><strong>prodidisti</strong></span> <span class='ocrx_word' id='word_1_211' title='bbox 953 4452 1144 4528; x_wconf 85' lang='lat' dir='ltr'><strong>industriae</strong></span> <span class='ocrx_word' id='word_1_212' title='bbox 1167 4452 1410 4551; x_wconf 86' lang='lat' dir='ltr'><strong>doctrinaeque</strong></span> <span class='ocrx_word' id='word_1_213' title='bbox 1440 4451 1646 4526; x_wconf 85' lang='lat' dir='ltr'><strong>documenta</strong></span> <span class='ocrx_word' id='word_1_214' title='bbox 1668 4454 1704 4522; x_wconf 89' lang='lat' dir='ltr'><strong>et</strong></span> <span class='ocrx_word' id='word_1_215' title='bbox 1725 4447 1872 4546; x_wconf 83' lang='lat' dir='ltr'><strong>dignum</strong></span> <span class='ocrx_word' id='word_1_216' title='bbox 1894 4453 1931 4518; x_wconf 87' lang='lat' dir='ltr'><strong>te</strong></span> <span class='ocrx_word' id='word_1_217' title='bbox 1944 4437 2120 4540; x_wconf 83' lang='lat' dir='ltr'><strong>judicavit</strong></span> <span class='ocrx_word' id='word_1_218' title='bbox 2144 4431 2250 4515; x_wconf 82' lang='lat' dir='ltr'><strong>Ordo,</strong></span> 
     </span>
     <span class='ocr_line' id='line_1_29' title="bbox 742 4555 2250 4670; baseline -0.014 -25"><span class='ocrx_word' id='word_1_219' title='bbox 742 4573 803 4670; x_wconf 91' lang='lat' dir='ltr'><strong>qui</strong></span> <span class='ocrx_word' id='word_1_220' title='bbox 821 4573 1006 4648; x_wconf 89' lang='lat' dir='ltr'><strong>honorifico</strong></span> <span class='ocrx_word' id='word_1_221' title='bbox 1027 4571 1140 4648; x_wconf 85' lang='lat' dir='ltr'><strong>laudis</strong></span> <span class='ocrx_word' id='word_1_222' title='bbox 1160 4571 1357 4646; x_wconf 86' lang='lat' dir='ltr'><strong>testimonio</strong></span> <span class='ocrx_word' id='word_1_223' title='bbox 1378 4569 1517 4670; x_wconf 88' lang='lat' dir='ltr'><strong>publice</strong></span> <span class='ocrx_word' id='word_1_224' title='bbox 1534 4567 1710 4644; x_wconf 88' lang='lat' dir='ltr'><strong>ornareris.</strong></span> <span class='ocrx_word' id='word_1_225' title='bbox 1760 4565 1907 4640; x_wconf 86' lang='lat' dir='ltr'><strong>Meliora</strong></span> <span class='ocrx_word' id='word_1_226' title='bbox 1928 4569 2048 4637; x_wconf 87' lang='lat' dir='ltr'><strong>autom</strong></span> <span class='ocrx_word' id='word_1_227' title='bbox 2069 4555 2142 4630; x_wconf 91' lang='lat' dir='ltr'><strong>tibi</strong></span> <span class='ocrx_word' id='word_1_228' title='bbox 2162 4573 2250 4652; x_wconf 85' lang='lat' dir='ltr'><strong>prae·</strong></span> 
     </span>
     <span class='ocr_line' id='line_1_30' title="bbox 741 4673 2251 4788; baseline -0.016 -21"><span class='ocrx_word' id='word_1_229' title='bbox 741 4692 872 4787; x_wconf 86' lang='lat' dir='ltr'><strong>paravit</strong></span> <span class='ocrx_word' id='word_1_230' title='bbox 893 4691 1234 4768; x_wconf 86' lang='lat' dir='ltr'><strong>munificentissimus</strong></span> <span class='ocrx_word' id='word_1_231' title='bbox 1256 4693 1353 4782; x_wconf 86' lang='lat' dir='ltr'><strong>Rex,</strong></span> <span class='ocrx_word' id='word_1_232' title='bbox 1378 4718 1398 4767; x_wconf 96' lang='lat' dir='ltr'><strong>e</strong></span> <span class='ocrx_word' id='word_1_233' title='bbox 1419 4691 1519 4788; x_wconf 86' lang='lat' dir='ltr'><strong>cujus</strong></span> <span class='ocrx_word' id='word_1_234' title='bbox 1538 4713 1674 4766; x_wconf 89' lang='lat' dir='ltr'><strong>summa</strong></span> <span class='ocrx_word' id='word_1_235' title='bbox 1692 4685 1898 4762; x_wconf 84' lang='lat' dir='ltr'><strong>auctoritate</strong></span> <span class='ocrx_word' id='word_1_236' title='bbox 1923 4682 2018 4756; x_wconf 89' lang='lat' dir='ltr'><strong>huno</strong></span> <span class='ocrx_word' id='word_1_237' title='bbox 2042 4675 2111 4751; x_wconf 90' lang='lat' dir='ltr'><strong>tihi</strong></span> <span class='ocrx_word' id='word_1_238' title='bbox 2133 4673 2251 4750; x_wconf 84' lang='lat' dir='ltr'><strong>lubens</strong></span> 
     </span>
     <span class='ocr_line' id='line_1_31' title="bbox 626 4810 1286 4913; baseline 0.008 -32"><span class='ocrx_word' id='word_1_239' title='bbox 626 4895 637 4913; x_wconf 47' lang='grc'><em>,</em></span> <span class='ocrx_word' id='word_1_240' title='bbox 744 4810 843 4884; x_wconf 86' lang='lat' dir='ltr'><strong>trado</strong></span> <span class='ocrx_word' id='word_1_241' title='bbox 866 4820 1067 4912; x_wconf 81' lang='lat' dir='ltr'><strong>argenteum</strong></span> <span class='ocrx_word' id='word_1_242' title='bbox 1091 4834 1286 4888; x_wconf 88' lang='lat' dir='ltr'><strong>nummum.</strong></span> 
     </span>
    </p>
   </div>
   <div class='ocr_carea' id='block_1_11' title="bbox 0 0 2442 6182">
    <p class='ocr_par' dir='ltr' id='par_1_13' title="bbox 0 0 2442 6182">
     <span class='ocr_line' id='line_1_32' title="bbox 0 0 2442 6182; baseline 0 0"><span class='ocrx_word' id='word_1_243' title='bbox 0 0 2442 6182; x_wconf 95' lang='lat' dir='ltr'><strong> </strong></span> 
     </span>
    </p>
   </div>
  </div>
 </body>
</html>
