4874 6182
757 695 820 761 rao
1068 665 1071 672 “
1323 693 1356 762 ι.
1391 693 1426 764 c.
1460 691 1714 762 noannas

757 902 869 978 dietae
897 899 1100 975 cohaereant
1129 922 1210 974 oum
1241 898 1317 1000 ipsa
1345 897 1534 976 lactionum
1556 899 1716 990 historia,
1741 925 1829 1000 quae
1854 897 2127 1000 Rempnblicam
2152 899 2275 974 Roma·

754 1044 837 1095 nam
871 1019 1068 1118 agitaruut,
1110 1041 1260 1117 cumque
1295 1042 1433 1095 morum
1468 1020 1681 1119 corruptela,
1720 1044 1809 1118 quae
1841 1017 1967 1093 deinde
1999 1018 2268 1118 ingravescebat.

753 1139 835 1216 Qua
868 1137 905 1210 in
936 1161 974 1210 re
1005 1135 1085 1212 licet
1112 1162 1375 1237 nonnumquam
1407 1139 1538 1214 incerta
1569 1139 1671 1214 certis
1703 1138 1928 1214 admiscuisse
1952 1137 2137 1224 videatur,
2164 1144 2270 1211 tamen

752 1258 802 1332 ita
832 1263 989 1330 versatus
1020 1261 1097 1346 est,
1130 1267 1171 1332 ιιι
1199 1257 1330 1357 ingenii
1357 1257 1497 1335 laudern
1520 1257 1661 1330 omnino
1685 1255 1859 1332 meruerit.
1910 1255 2100 1328 Caeterum
2121 1254 2269 1327 universe

753 1381 998 1474 argumentum
1018 1374 1068 1449 ite
1087 1376 1265 1463 tractavit,
1283 1381 1325 1450 nt
1341 1399 1412 1450 ncn
1432 1381 1570 1450 tantam
1588 1374 1762 1474 collegerit
1782 1383 1819 1449 et
1837 1374 2033 1473 exposuerit
2048 1374 2269 1473 praegnantis

754 1519 913 1593 quaeque
934 1501 1091 1568 veterum
1111 1494 1207 1584 loca,
1232 1495 1294 1568 scd
1316 1502 1357 1568 ιιι
1378 1519 1421 1570 ex
1442 1493 1485 1568 iis
1511 1519 1650 1594 quoque
1674 1493 1853 1568 historiam
1876 1517 1992 1568 revera
2018 1491 2177 1567 ambitus
2198 1517 2267 1566 con·

755 1613 858 1686 ficere
879 1620 1025 1690 conatus
1047 1613 1115 1703 sit,
1139 1613 1305 1712 ejusque,
1329 1613 1576 1690 recentioribus
1599 1613 1704 1688 etiam
1726 1612 1892 1712 exemplis
1915 1611 2154 1710 interpositis,
2180 1612 2267 1710 quasi

755 1729 960 1805 adumbrare
975 1732 1173 1832 imaginem.
1213 1735 1317 1812 Quae
1332 1757 1387 1808 res
1399 1739 1440 1807 ut
1450 1732 1551 1807 nobis
1566 1733 1604 1806 in
1619 1732 1741 1832 primis
1751 1731 1901 1832 placuit,
1925 1731 1975 1806 ita
1989 1731 2038 1806 ab
2052 1731 2164 1806 altera
2181 1739 2268 1830 parte

753 1847 926 1944 quaedam
943 1847 1193 1924 inconsiderate
1213 1857 1249 1924 et
1267 1849 1470 1926 festinanter
1488 1850 1742 1938 tractata,·alia
1762 1875 1904 1950 prorsus
1919 1850 2065 1940 omissa,
2090 1849 2265 1924 effecerant

754 1967 900 2064 utique,
920 1973 962 2040 ut
975 1969 1275 2058 commentationi,
1290 1995 1380 2068 quae
1393 1977 1490 2045 sexto
1507 1970 1580 2044 loco
1591 1969 1891 2045 commemoranda
1905 1969 1989 2058 crit,
2001 1975 2263 2068 postponeretur,

804 2085 861 2158 Ne
890 2092 1007 2161 tamen
1044 2112 1108 2163 sua
1134 2087 1211 2162 laus
1243 2088 1375 2164 auctori
1399 2088 1556 2178 deesset,
1580 2112 1661 2163 eum
1689 2083 1873 2164 honorifice
1895 2087 2179 2187 proclamandum
2199 2110 2264 2160 asae

753 2203 993 2301 judicavimus.
1043 2206 1181 2280 Nomen
1205 2215 1324 2282 tamen
1348 2231 1453 2282 suum
1476 2206 1577 2282 nobis
1600 2231 1671 2282 non
1694 2207 1877 2296 indicavit,
1899 2207 2040 2306 publice
2065 2213 2228 2281 evocatus.

804 2322 939 2400 Quinta
969 2323 1213 2399 commentatio
1244 2324 1349 2401 verba
1363 2321 1544 2426 'inscripta
1576 2325 1683 2402 habet
1713 2326 1934 2402 Crannonrs:
1973 2328 2108 2406 rand
2128 2329 2261 2424 siquem

753 2449 815 2514 cut
835 2449 961 2516 actura
979 2467 1042 2516 aaa
1066 2451 1128 2518 cut
1137 2446 1354 2542 marcionita
1374 2447 1504 2545 ingenii
1527 2447 1624 2535 cis,''
1649 2451 1792 2522 caetera.
1840 2446 1974 2520 Auctor
1996 2445 2115 2520 sedulo
2138 2443 2261 2540 collegit

753 2567 789 2634 et
823 2560 990 2659 sagaciter
1025 2561 1211 2661 exposuit,
1244 2587 1333 2662 quae
1363 2563 1407 2638 de
1438 2563 1574 2638 ambitu
1596 2570 1728 2640 veteres
1749 2564 1893 2640 tradunt
1914 2589 2024 2663 usque
2048 2565 2093 2639 ad
2116 2570 2262 2660 tempora

749 2679 937 2767 Anousm,
969 2679 1032 2774 sed
1066 2679 1104 2754 in
1139 2679 1201 2769 iis,
1235 2706 1325 2780 quae
1357 2682 1403 2758 ad
1426 2682 1649 2782 posteriorem
1670 2689 1820 2760 aetatem
1841 2683 2032 2784 pertinent,
2054 2680 2259 2781 exponendis

749 2796 884 2871 brevior
917 2804 971 2871 est
1000 2822 1107 2897 qnam
1138 2800 1302 2899 oportuit.
1352 2802 1519 2901 Inprimis
1547 2809 1705 2880 meinata
1727 2803 1771 2879 de
1794 2809 1991 2902 temporum
2020 2799 2208 2876 rationibus
2228 2807 2260 2874 et

695 2977 697 2982 .
753 2915 970 3015 singularum
1008 2913 1127 3016 legum
1158 2919 1359 2995 auctoribus
1393 2921 1603 3020 disputavit,
1638 2922 1700 2998 sed
1734 2923 1773 2998 in
1804 2921 1860 2997 his
1892 2921 2057 3021 abreptus
2088 2927 2138 2996 est
2168 2942 2258 3018 saepe

692 3028 693 3042 ¹
754 3035 949 3135 αὐθαδείᾳ
983 3036 1136 3134 quadam
1163 3035 1341 3136 nimiaque
1374 3037 1590 3116 doctissimos
1612 3065 1769 3142 quosque
1794 3041 1885 3117 viros
1911 3039 2136 3142 redarguendi
2160 3047 2255 3114 teme·

754 3153 867 3228 ritate.
919 3151 1049 3224 Omisit
1082 3151 1191 3250 igitur
1223 3155 1395 3252 quaedam
1423 3156 1633 3250 necessaria,
1657 3161 1793 3236 addidit
1819 3185 1899 3238 vero
1920 3159 1989 3236 alia
2009 3185 2031 3235 a
2052 3161 2119 3236 loco
2136 3156 2256 3252 ιιιιιιι,

753 3293 818 3344 nec
839 3289 975 3368 semper
995 3269 1108 3344 clarus
1125 3270 1194 3346 luit
1213 3271 1251 3346 in
1272 3297 1336 3349 sna
1359 3277 1531 3353 sententia
1551 3277 1762 3378 explicanda
1804 3279 1945 3380 Ingenii
1964 3278 2104 3379 quidem
2122 3299 2255 3354 acumen

753 3387 907 3488 prodidit
942 3411 1012 3463 non
1046 3389 1188 3490 vulgare
1225 3398 1261 3466 et
1297 3391 1433 3470 criticae
1462 3397 1546 3472 artis
1573 3396 1750 3490 studium,
1775 3399 1838 3475 sed
1862 3423 1933 3475 non
1958 3399 2066 3474 etiarn
2092 3395 2257 3482 historiam

756 3507 876 3606 itaque
909 3507 1144 3607 singularibus
1176 3509 1359 3588 inhaerens
1391 3514 1437 3589 ad
1471 3515 1671 3592 universrun
1706 3517 1863 3594 animum
1898 3541 1968 3592 non
2000 3515 2084 3592 satis
2118 3513 2257 3592 advertit.

754 3625 1078 3716 Neeessitudinem,
1112 3653 1202 3726 quae
1235 3629 1326 3705 inter
1356 3631 1510 3710 ambitus
1543 3635 1729 3735 pravitates
1758 3643 1795 3712 et
1817 3644 2013 3737 temporum
2046 3632 2258 3734 corruptelam

755 3743 957 3833 intercedit,
988 3745 1130 3822 omnino
1161 3749 1324 3849 neglexit.
1386 3752 1487 3830 Quae
1518 3777 1598 3829 cnm
1631 3755 1681 3831 ita
1716 3754 1805 3846 sint,
1837 3755 1943 3854 hujus
1978 3750 2260 3831 commentationis

757 3861 1058 4055 auctorglmdlctiam
1077 3863 1261 3944 honorifice
1276 3873 1616 3950 commemorandum
1633 3875 1851 3966 consumas,
1873 3874 1935 3976 qui
1953 3873 2093 3974 publice
2117 3877 2263 3949 evocatus

757 4004 794 4054 se
820 4003 882 4078 pro
908 3979 919 4054 i
946 3981 972 4054 't

1268 4085 1389 4164 Srrrxn
1412 4089 1564 4168 Hanars
1588 4093 1759 4184 Rmxns,

847 4199 885 4270 im
908 4198 1091 4274 Academia
1113 4200 1432 4301 lugdono-Batava
1455 4208 1665 4290 Litterarum
1688 4212 1917 4288 humaniorum
1947 4211 2177 4287 ammana.

808 4411 940 4491 Ultima
964 4414 1115 4515 denique
1139 4419 1382 4506 commentatio
1406 4420 1603 4521 symbolum
1626 4424 1795 4504 habebat:

1049 4605 1068 4645 c
1081 4575 1217 4653 Virtme
1239 4580 1367 4657 ambire
1390 4591 1536 4682 oportet,
1559 4611 1625 4662 noa
1637 4589 1849 4686 factoribus.

1051 4695 1146 4772 radiat
1167 4696 1270 4800 balet
1280 4700 1461 4796 sactorum
1484 4726 1633 4804 semper,
1657 4709 1717 4807 qai
1738 4716 1830 4784 recte
1842 4707 1979 4804 saeit.”

1705 4825 1887 4904 Pentros.
