4986 6200
614 1233 967 1314 ADDITAMENTUM
988 1233 1018 1312 Ι.
1041 1229 1246 1310 annulum
1268 1229 1483 1307 adularere.

789 1959 1305 2056 ANNOTATIONES.

917 2287 1174 2314 m

333 2538 488 2603 denotatio
506 2541 538 2613 1,
569 2557 633 2621 pag.
653 2543 702 2600 11.
753 2537 915 2617 dignificare
940 2540 1013 2602 volui
1041 2539 1141 2601 Virum
1167 2537 1373 2621 amplissimam
1393 2539 1422 2597 et
1440 2533 1651 2598 Nobilissimum
1671 2535 1800 2614 Equitem
1904 2619 1906 2624 .

294 2658 356 2703 vau
381 2659 442 2702 aaa
468 2643 556 2705 Hanc
583 2659 645 2704 van
669 2641 892 2714 Darvnruurua,
930 2660 1002 2701 acco
1033 2645 1128 2714 1845,
1163 2659 1259 2701 menae
1285 2637 1454 2712 Novembri,
1492 2637 1578 2718 Regis
1608 2639 1734 2712 decreto,
1766 2640 1797 2698 ia

293 2747 384 2804 locum
402 2744 465 2802 Viri
485 2744 655 2826 Amplissimi
675 2742 796 2804 earm
816 2743 931 2803 Concor
957 2743 1110 2803 n’llsecar
1133 2759 1195 2803 ran
1221 2742 1447 2814 Heaamooaa,
1478 2740 1575 2802 ecdem
1596 2761 1684 2816 anno,
1706 2760 1800 2802 meuse

295 2844 388 2922 Maio,
410 2845 526 2918 mortui,
548 2845 713 2908 Academiae
734 2844 894 2904 Curatorem
913 2843 1062 2904 suffectum

956 3056 1143 3092 -4-

292 3289 297 3294 -
333 3249 487 3312 Armatotio
506 3250 553 3323 ΙΙ,
574 3267 638 3330 pag.
660 3251 708 3308 12.
747 3246 864 3326 Siquis
890 3247 962 3308 torte
982 3246 1114 3320 miretur,
1141 3245 1411 3320 (tiemonem,
1442 3247 1625 3329 perlongum
1646 3245 1715 3308 adeo
1736 3252 1800 3308 octo

295 3371 428 3413 annorum
455 3351 587 3432 spatium,
619 3349 716 3410 studiis
742 3347 904 3410 academicis
929 3369 1060 3423 cerame,
1082 3347 1236 3411 consideret
1255 3349 1338 3410 velim
1359 3355 1406 3411 aut
1425 3349 1508 3422 sciat,
1529 3349 1598 3410 haec
1618 3347 1710 3409 studia
1729 3370 1802 3411 anno

296 3459 372 3514 1815
402 3455 483 3533 plane
506 3451 662 3512 intermissa
694 3451 785 3512 luisse.
834 3451 888 3512 Illo
915 3453 1017 3512 etenim
1044 3471 1132 3524 anno,
1164 3471 1226 3512 cum
1255 3452 1432 3526 Naeoaeou,
1461 3453 1604 3511 Gallorum
1633 3453 1801 3531 Imperator,

295 3557 397 3615 bellurn
424 3553 514 3614 denuo
545 3552 751 3626 commovisset,
776 3553 956 3633 permultique
977 3554 1064 3625 eires,
1089 3553 1210 3613 Patriam
1229 3552 1386 3626 detonsum,
1417 3551 1564 3614 voluntarii
1594 3551 1744 3614 militarent
1774 3553 1803 3611 in

297 3656 432 3728 exercita,
460 3675 541 3734 quam
564 3654 737 3716 Brittanniae
761 3661 790 3716 et
807 3655 990 3716 Neerlandiaa
1008 3657 1099 3732 Reges
1121 3660 1324 3735 compararant,
1346 3654 1556 3716 Academiarum
1576 3673 1683 3734 qnoque
1704 3654 1803 3726 Cives,

298 3757 438 3820 serissime
467 3756 708 3835 laudatissimoque
737 3758 846 3818 Patriae
876 3778 968 3818 amore
997 3759 1103 3818 incensi
1123 3764 1151 3818 et
1170 3757 1293 3831 incitati,
1314 3757 1389 3837 pecie
1409 3757 1498 3817 studia
1519 3756 1570 3818 etei
1590 3755 1806 3818 intermitteren-

297 3867 355 3932 tur,
384 3881 460 3921 arma
485 3879 543 3921 asse
568 3859 701 3940 capiunda
726 3866 896 3920 censuerunt.
936 3861 1035 3939 Neque
1062 3877 1123 3922 vnn
1152 3861 1257 3920 Ooanc
1296 3879 1352 3919 non
1382 3859 1465 3920 modo
1500 3879 1557 3919 non
1595 3858 1803 3930 commilitant,

298 3963 346 4024 sed
371 3962 454 4024 etiam
479 3962 509 4021 in
538 3962 651 4022 cohorte
682 3961 782 4023 civium
809 3961 974 4050 Academiae
1000 3963 1199 4040 Ultrcjectinee
1231 3981 1343 4022 munere
1370 3962 1483 4022 militari
1512 3961 1565 4022 fuit
1594 3961 1725 4039 insignis,
1756 3961 1804 4020 illo

300 4083 414 4146 nempe,
435 4083 489 4144 quo
508 4065 599 4124 locum
619 4063 747 4139 tenebat,
769 4063 1016 4125 Subcenturionum
1035 4063 1127 4124 ordini
1145 4064 1309 4145 proximum.

962 4293 1146 4307 *fin-¹

341 4474 493 4536 Anactots'o
521 4474 583 4546 111,
615 4493 680 4554 pag.
712 4477 758 4535 13.
810 4475 846 4533 In
875 4473 1024 4546 decennio,
1056 4473 1129 4552 quod
1160 4474 1203 4534 Cl.
1234 4489 1295 4534 van
1325 4474 1446 4547 Ooanr,
1479 4475 1653 4551 Groaingae‚
1689 4471 1805 4532 docendi
1915 4475 1918 4480 ’

300 4576 468 4657 provinciam
497 4575 712 4650 administravit,
749 4579 834 4638 semel
864 4595 971 4656 quoque
1001 4576 1127 4636 Rectoris
1154 4575 1298 4653 Magnifici
1327 4595 1435 4652 munus·
1460 4577 1560 4654 gessit,
1600 4595 1672 4636 anno
1706 4593 1804 4656 nempe

304 4683 511 4740 1833-1834.
561 4681 627 4740 Quo
653 4680 817 4758 Magistratu
843 4699 926 4758 quum
953 4678 1042 4738 abiret
1067 4678 1125 4752 (die
1147 4683 1163 4738 9
1189 4679 1319 4739 Octobris
1352 4699 1377 4739 a.
1403 4682 1495 4754 leat)
1531 4678 1685 4739 orationem
1710 4677 1807 4754 habuit

302 4783 334 4842 de
365 4781 509 4856 Relipione
540 4781 712 4854 Christiana,
749 4784 778 4842 in
807 4782 913 4843 Potrici
939 4777 1052 4854 nostrai,
1090 4782 1119 4840 oi
1152 4777 1205 4842 euri
1236 4782 1356 4842 solutari
1385 4801 1522 4859 numquam
1551 4777 1696 4842 deatitm.
1742 4781 1807 4840 Hoc

302 4884 386 4962 igitur
416 4903 489 4944 anno
519 4881 615 4942 studiis
643 4903 739 4974 pecare
767 4884 815 4946 rix
841 4883 937 4965 potuit.
978 4883 1033 4944 Sed
1058 4883 1141 4944 etiam
1163 4901 1236 4945 anno
1258 4888 1335 4946 rael
1356 4883 1447 4946 studia
1465 4884 1657 4946 intermiserat.
1686 4883 1809 4945 Etenim

1567 4983 1619 5066 5⁴³.
