4986 6200
737 707 746 721 ⁶
888 717 1166 826 ORdTIO.
1753 720 1795 788 55

278 925 471 1004 acutissimi
501 925 720 1026 nominisque
752 923 845 1000 lamb
871 925 1083 1001 celeberrimi
1112 925 1195 1013 viri,
1220 924 1301 1024 qui,
1323 925 1480 1024 quemvis
1508 950 1607 1002 suam
1633 925 1678 1000 de
1697 925 1792 1025 justat

275 1047 330 1122 vio
355 1046 594 1144 systematicd,
620 1045 736 1120 stricte
759 1051 1024 1144 mnstantcrqea
1044 1045 1235 1143 sequendi,
1264 1045 1471 1121 sententiam
1491 1046 1604 1121 verbis
1623 1046 1791 1146 expressis

276 1166 372 1240 haud
406 1166 644 1253 declararunt,
677 1172 830 1240 attamen
861 1189 950 1263 quae
978 1165 1209 1252 elaborarunt,
1239 1164 1441 1238 invenerant
1468 1165 1633 1241 meliusve
1658 1165 1790 1241 confor-

276 1293 427 1373 marent,
462 1286 511 1360 ita
541 1283 684 1383 quidem
719 1291 971 1383 pertractarunt
1002 1291 1038 1358 et
1067 1281 1299 1384 eiplicarunt,
1324 1289 1365 1356 ut
1387 1285 1562 1360 neminem
1587 1285 1707 1386 lugere
1729 1310 1790 1383 po·

276 1404 400 1492 tuerit,
434 1428 492 1478 cos
526 1403 631 1478 simul
665 1404 771 1479 etiam
802 1403 933 1503 justam
966 1403 1202 1502 optimamque
1230 1404 1463 1501 pertractandi
1495 1411 1530 1478 et
1558 1404 1791 1504 investigandi

275 1545 432 1597 normam
455 1523 711 1621 systematicam
733 1523 817 1598 velle
841 1523 962 1598 docere
985 1523 1022 1596 iu
1042 1521 1157 1597 animo
1181 1521 1354 1598 habuisse.
1403 1523 1451 1596 Et
1472 1523 1622 1598 multum
1647 1525 1790 1623 quidem

274 1648 310 1716 et
344 1641 532 1740 plurimum
570 1641 636 1716 hbe
666 1643 704 1716 in
737 1667 775 1717 re
809 1641 1073 1742 praestiterunt;
1108 1648 1254 1716 atvero
1285 1641 1323 1715 id
1356 1641 1460 1716 nimis
1488 1665 1628 1742 operam
1654 1642 1790 1716 dedisse

274 1759 361 1834 mihi
398 1760 578 1849 videntur,
615 1769 656 1836 ut
669 1759 675 1768 ’
690 1763 856 1861 exemplis
887 1761 1108 1861 praesertim,
1145 1761 1213 1834 nisi
1245 1761 1345 1836 unice
1380 1787 1421 1836 ac
1452 1763 1496 1836 de
1520 1759 1721 1848 industrii,
1753 1769 1789 1836 et

274 1879 440 1976 exemplis
468 1880 586 1978 potius
614 1907 721 1979 quam
742 1882 951 1981 praeceptis,
977 1869 1158 1969 docerent,
1184 1881 1214 1955 si
1242 1881 1383 1980 quidem
1406 1881 1449 1955 de
1471 1879 1575 1980 justis
1599 1880 1790 1979 praeceptis

275 1997 461 2086 tacuenut,
493 1999 641 2098 ideoque
670 2001 752 2076 dare
782 2001 865 2076 haec
888 2014 1069 2102 praecepta
1091 2025 1132 2076 ec
1154 2000 1305 2090 tradere,
1331 1999 1401 2098 qud
1421 1998 1611 2098 oportuerit
1637 1999 1789 2088 ratione,

272 2115 310 2188 id
342 2124 396 2191 cst
421 2117 605 2192 enunciare
630 2118 770 2208 eadem,
795 2121 964 2220 explicare
986 2145 1087 2220 porro
1113 2129 1150 2196 et
1172 2121 1423 2207 demonstrare,
1449 2118 1598 2216 denique
1620 2117 1786 2218 exemplis

272 2241 353 2334 epte
378 2245 414 2310 et
437 2237 528 2312 varie
552 2238 740 2327 illustrare,
766 2265 954 2339 eorumque
978 2265 1082 2316 usum
1106 2242 1246 2331 docere,
1270 2241 1373 2340 plane
1397 2238 1585 2314 omiserint.

285 2357 395 2430 ‘Alii
427 2365 546 2432 contre
573 2358 778 2432 recentiores
811 2358 1051 2433 Mathematici
1076 2358 1192 2447 fuere,
1224 2358 1286 2457 qui
1315 2357 1361 2448 ad
1389 2357 1482 2432 hunc
1506 2356 1700 2444 defectum,
1726 2381 1789 2430 seu

272 2475 318 2549 ad
342 2475 407 2550 hoc
429 2465 573 2565 uitium,
599 2477 787 2552 attendisse
805 2477 984 2566 videntur,
1008 2477 1163 2576 illudque
1183 2477 1360 2552 subletum
1377 2476 1440 2565 iri,
1459 2476 1498 2550 ni
1517 2475 1637 2564 fallor,
1657 2476 1788 2574 opinati
1846 2486 1854 2500 ”

269 2601 374 2684 sunt,
410 2595 439 2669 si
463 2596 596 2695 justam
619 2597 795 2672 traderent
816 2597 1037 2686 methodum,
1062 2597 1294 2672 edialectices
1315 2596 1492 2696 principiis
1516 2603 1553 2670 et
1576 2595 1786 2694 contempla·
1886 2619 1891 2628 ·

271 2710 425 2786 tionibus
453 2713 643 2801 haustam,
670 2714 783 2812 deque
814 2715 920 2814 hujus
951 2715 1061 2814 ipsius
1090 2715 1247 2813 partibus
1271 2716 1347 2789 fusa
1374 2724 1409 2790 et
1436 2715 1637 2813 plenissime
1658 2713 1786 2812 pracci-

271 2837 402 2929 parent.
460 2832 649 2931 Praecepta
679 2842 798 2908 eutem
830 2841 1023 2908 tractarunt
1054 2826 1200 2931 absque
1225 2834 1413 2932 exemplis,
1448 2833 1517 2907 nisi
1551 2832 1618 2907 ista
1655 2831 1787 2920 velitis,

270 2948 419 3047 quibua,
456 2949 503 3023 ed
546 2975 687 3025 sensum
722 2951 985 3050 explicandum,
1022 2951 1136 3050 adque
1168 2952 1217 3025 rei
1255 2952 1423 3026 rationem
1455 2951 1715 3040 declarandam,
1750 2951 1788 3026 in

269 3068 395 3142 scholis
424 3069 566 3144 utimur.
618 3070 688 3143 Sed
714 3077 788 3143 tota
817 3076 1042 3167 argumenta,
1067 3068 1129 3142 sed
1150 3068 1301 3166 integras
1325 3073 1461 3166 partes,
1484 3068 1586 3166 juxta
1605 3075 1788 3167 praecepta

269 3186 397 3261 tredita
429 3193 638 3286 pertractare
672 3187 893 3276 debuissent,
925 3187 976 3261 ite
1008 3193 1049 3260 ut
1080 3209 1221 3260 normae
1244 3185 1483 3284 systematicaa
1508 3211 1593 3261 usus
1615 3193 1706 3262 reete
1730 3213 1787 3262 co·

269 3314 512 3404 gnosceretur,
553 3305 744 3406 quantique
775 3315 811 3382 et
834 3321 940 3408 qaam
960 3305 1127 3380 uberrimi
1149 3306 1283 3380 lructus
1301 3331 1345 3380 ex
1369 3306 1433 3380 boe
1454 3305 1531 3406 ipso
1553 3305 1683 3405 percipi
1707 3331 1785 3406 pos·

268 3431 371 3511 sunt,
410 3425 549 3522 penitus
587 3427 837 3526 intelligeretur
869 3451 910 3501 ac
944 3425 1202 3526 perspiceretur.
1260 3426 1367 3504 Quod
1391 3431 1510 3500 cutem
1531 3426 1714 3501 emendare
1748 3436 1784 3502 et

269 3543 433 3642 perficere
466 3545 672 3637 studebant,
709 3571 751 3620 eo
786 3543 929 3644 quidem
960 3543 1076 3616 minus
1109 3541 1199 3616 bene
1228 3566 1271 3616 ex
1304 3541 1541 3617 laudatissimo
1578 3542 1719 3617 consilio
1747 3551 1783 3617 et

267 3662 442 3762 proposito
469 3662 632 3739 cecidisse
657 3665 810 3753 videtur,
843 3661 1125 3762 quandoquidem
1150 3661 1318 3735 meditata
1349 3668 1385 3735 et
1418 3669 1668 3748 commentata,
1698 3684 1788 3760 pay·-

268 3779 452 3880 chologicis
485 3784 833 3883 contemplationibus
867 3783 1070 3869 commixta,
1104 3780 1142 3854 in
1178 3780 1323 3856 lormam
1354 3779 1529 3855 doctrinae
1558 3780 1780 3880 redegerant,

267 3907 303 3975 et
320 3899 401 3976 hnic
421 3901 539 3999 ipsae,
563 3903 855 4002 methodologiam
876 3900 1137 4000 complectenti,
1163 3899 1383 3999 splendidum
1403 3901 1601 3974 Malleseos
1622 3899 1778 3976 Philoso-

258 4021 370 4118 plice
387 4045 514 4098 nomen
537 4021 723 4113 dederent,
748 4023 843 4123 quod
869 4031 986 4097 temen
1010 4044 1137 4096 nomen
1157 4021 1286 4095 multos
1307 4019 1471 4108 offendit,
1495 4019 1642 4119 aliique,
1666 4044 1776 4119 paene

266 4139 437 4228 deterriti,
470 4143 519 4218 ita
550 4144 692 4242 quidem
715 4139 952 4231 'censuerunt,
989 4149 1029 4216 ut
1054 4139 1251 4240 argumenti
1275 4140 1363 4214 ratio
1392 4139 1510 4216 leviter
1532 4140 1776 4214 tantummodo
1816 4224 1819 4232 ¹

264 4257 352 4334 foret
381 4262 552 4350 notanda,
587 4263 641 4337 vel
674 4263 779 4338 etiarn
812 4271 952 4338 utnon
988 4284 1211 4361 cognoscere,
1246 4283 1353 4358 quam
1383 4259 1420 4334 in
1447 4259 1498 4333 rei
1526 4257 1691 4334 obscurae
1721 4265 1774 4346 et,
1888 4351 1890 4358 Ι

265 4378 356 4453 sicut
373 4381 575 4472 videbatur,
604 4409 626 4458 a
656 4384 854 4459 Mathescos
884 4382 1000 4458 studio
1024 4382 1154 4456 alienae
1177 4379 1421 4482 meditatione,
1446 4379 1661 4477 aliquantum
1685 4385 1771 4454 tem·

263 4498 355 4594 poris
379 4525 599 4592 consumere,
624 4511 821 4602 praestaret.

882 4791 1152 4812 -ηι-..ᾲ-
