4874 6182
842 657 1119 728 ORATIO.
1686 665 1748 738 103

235 869 321 948 riam
359 869 571 971 rejicientes,
604 867 671 942 nisi
698 870 760 965 qui
782 869 817 941 in
839 893 942 943 sunm
966 869 1211 968 propriumque
1234 893 1338 945 usum
1358 863 1524 948 ‘theoriam
1548 881 1744 949 construere

239 993 381 1078 malint,
416 991 474 1066 elii
506 989 542 1062 in
577 987 672 1061 omni
705 987 824 1062 inorbo
855 989 901 1062 ad
924 1013 1032 1085 aquas
1055 988 1214 1085 frigidae,
1240 991 1360 1086 quovis
1384 993 1486 1066 mode
1510 993 1744 1080 adhibendas,

237 1111 422 1208 confugere
460 1109 628 1193 suadent,
664 1107 901 1206 hydropathici
929 1107 1006 1206 jure
1040 1107 1140 1194 dicti;
1177 1108 1255 1194 alii,
1282 1133 1368 1206 quos
1395 1135 1414 1184 e
1442 1113 1596 1208 symbolo
1623 1116 1743 1210 ὃμοια

236 1233 390 1326 ὁμοίοις
425 1227 636 1326 agnoscetis
676 1252 699 1300 a
731 1226 909 1324 scepticis,
943 1226 1004 1324 qui
1037 1226 1073 1298 in
1109 1226 1280 1322 plerisque
1302 1211 1443 1302 xmorbis
1472 1255 1610 1328 prorsus
1640 1233 1745 1306 absti-

238 1350 392 1424 nendum
408 1345 639 1445 praecipiunt,
662 1370 698 1418 se
718 1345 820 1444 longe
841 1346 967 1419 distare
984 1345 1191 1444 gloriantur,
1210 1369 1273 1418 nec
1295 1354 1410 1420 tamen
1430 1348 1561 1423 distant
1579 1351 1615 1424 in
1634 1351 1748 1448 praxi,

238 1493 347 1566 quum
385 1466 613 1541 medicamina
646 1473 718 1539 tem
757 1465 883 1563 exigue
908 1465 983 1539 desi
1011 1464 1215 1564 praebeant,
1241 1475 1281 1538 ut
1310 1487 1450 1540 sensum
1471 1469 1571 1566 plane
1590 1470 1746 1568 lugient3

236 1587 317 1672 alii,
351 1585 523 1683 denique,
554 1584 793 1670 Paraeelsum‚
829 1593 869 1658 ut
894 1585 961 1682 ipsi
989 1584 1109 1683 ajunt,
1134 1584 1169 1657 in
1197 1583 1302 1656 vitam
1328 1592 1543 1672 revocantes,
1580 1611 1649 1660 non
1682 1589 1748 1662 alio

238 1705 341 1780 modo
373 1705 440 1777 nisi
476 1703 746 1777 medicaminum
779 1703 905 1778 effectu
937 1703 1136 1778 morborum
1167 1712 1327 1778 naturam
1354 1703 1522 1801 explorari
1549 1729 1649 1803 posse
1674 1732 1749 1804 per·

240 1825 380 1909 hibent,
416 1847 540 1920 parum
573 1831 756 1909 curantes,
789 1823 875 1920 quid
904 1822 1045 1896 scientia
1068 1823 1242 1909 docuerit,
1268 1823 1456 1896 dummodo
1484 1825 1610 1912 sciant,
1636 1825 1750 1923 cujus·

239 1968 320 2016 nam
344 1943 482 2040 plantae
497 1949 558 2015 aut
577 1942 707 2015 metelli
723 1942 847 2039 genius
866 1942 1096 2040 epidemicus,
1116 1968 1179 2016 suo
1200 1943 1261 2040 qui
1283 1941 1376 2040 viget
1393 1954 1561 2042 ternpore,
1586 1953 1752 2041 appetens

239 2063 294 2136 sit.
347 2063 471 2158 Itaque
505 2059 647 2134 effectus
680 2059 915 2158 ingestorum,
952 2085 1100 2158 quorum
1134 2069 1206 2135 tam
1231 2061 1465 2160 imperfectam
1491 2064 1666 2137 notionem
1685 2065 1751 2138 ,ha-

239 2182 384 2268 bemus,
410 2179 606 2277 systematis
632 2179 818 2278 nosologici
839 2180 1105 2254 fundamentum
1131 2181 1299 2268 hebetur,
1324 2189 1360 2255 et
1381 2208 1443 2280 pro
1467 2184 1657 2274 medicina,
1683 2211 1753 2282 qna

240 2308 427 2388 sanentur,
463 2299 601 2374 morbos
623 2299 843 2398 distinguunt
866 2300 1144 2374 Rademecherus
1168 2314 1204 2373 et
1226 2325 1313 2398 quos
1338 2302 1393 2376 hic
1417 2302 1505 2376 bene
1531 2303 1658 2376 multos
1681 2305 1754 2401 jem

240 2423 346 2498 habet
379 2421 535 2496 asseclas.
584 2421 725 2494 Floreat
745 2419 781 2492 hi
805 2444 942 2506 omnes,
976 2419 1093 2493 invitis
1116 2420 1294 2496 eclecticis.
1344 2421 1483 2495 Floreat
1508 2421 1575 2520 ipsi
1601 2433 1750 2520 agyrtee„

240 2542 379 2616 Etenim

603 2643 733 2718 nfinyuat
744 2632 781 2698 'ae
800 2638 892 2697 cuncti
911 2639 1039 2710 medicea,
1059 2635 1163 2710 idiote,
1185 2631 1326 2712 recedes,

604 2746 758 2810 anacetus,
778 2739 888 2808 nutrix,
909 2739 1026 2811 histrio,
1047 2758 1143 2810 recor,
1164 2737 1263 2798 Μεθ’

243 2892 319 2964 Nec
344 2898 482 2964 tantum
507 2914 543 2964 se
567 2913 642 2963 esse
667 2891 825 2988 fingunt,
850 2889 912 2963 sed
935 2889 1107 2964 habentur
1130 2915 1151 2964 e
1175 2890 1304 2964 multis.

295 3012 478 3087 Quantum
500 3008 645 3106 igitura
667 3008 858 3106 disciplinis
878 3009 1046 3106 physicis,
1072 3017 1249 3082 constante
1271 3035 1311 3082 ac
1332 3015 1499 3108 perpetua
1520 3013 1757 3110 progressione

242 3128 502 3228 gaudentibus,
536 3126 642 3200 distet
679 3126 795 3224 praxis
827 3125 981 3212 medica,
1020 3149 1108 3223 qnae
1139 3126 1298 3198 enorchis
1334 3125 1553 3212 dissolvitur,
1588 3129 1756 3228 cujusque

246 3247 388 3322 historia
424 3228 610 3344 labyrinthi
648 3244 835 3342 imaginem
865 3243 985 3330 resen,
1018 3243 1054 3315 in
1079 3267 1148 3340 quo
1177 3268 1255 3330 vera
1283 3251 1318 3317 et
1345 3244 1449 3333 lelse,
1475 3253 1567 3320 certa
1593 3255 1628 3320 et
1647 3249 1758 3324 dubia

245 3367 439 3466 promiscue
463 3365 639 3452 oriuntur,
665 3371 890 3450 evanescunt,
913 3361 1108 3458 iterumque
1132 3363 1337 3459 resurgunt!

297 3487 318 3559 J
322 3494 436 3560 ustam
472 3485 653 3582 utriusque
688 3482 977 3558 necessitudinem
1007 3481 1199 3579 neglectam
1227 3481 1392 3554 accusavi.
1444 3482 1549 3558 Quod
1569 3483 1642 3580 jam
1670 3487 1756 3559 mihi

246 3605 464 3704 probandum
489 3613 551 3678 est.

296 3845 366 3916 Sua
398 3841 527 3916 bahent
544 3843 633 3941 ¹jura
666 3851 769 3942 atque
793 3851 916 3916 mutue
939 3839 1049 3914 officia
1075 3847 1111 3912 et
1142 3838 1283 3912 scientia
1304 3846 1339 3912 et
1361 3865 1416 3914 ers
1447 3841 1602 3930 medica,
1628 3831 1756 3942 quibus

246 3965 310 4036 rite
335 3962 539 4050 intellectis,
560 3963 655 4060 justa
677 3961 892 4038 necessitudo
915 3966 1036 4058 sponte
1057 3959 1177 4034 elucet.
1228 3957 1418 4034 Videamus
1444 3961 1487 4034 de
1513 3963 1669 4062 singulis.

296 4081 402 4160 Quod
432 4105 608 4156 summum
634 4082 692 4181 jus
721 4082 786 4156 sibi
818 4073 992 4156 vindic'ent
1023 4087 1165 4154 cunctae
1195 4078 1393 4176 disciplinae
1418 4081 1596 4179 physicae,
1622 4109 1666 4159 ne
1686 4086 1752 4161 illis

246 4202 388 4300 quidem
431 4202 602 4300 exceptis,
653 4225 741 4299 quae
782 4201 828 4274 ed
869 4200 1075 4274 medicinam
1116 4199 1326 4288 reseruntur,
1372 4209 1423 4274 est
1457 4203 1596 4278 hbertes
1630 4205 1751 4302 plene,

247 4303 411 4396 immunis
427 4347 491 4394 nec
513 4321 674 4418 cuiquam
694 4319 851 4395 obnoxia.
901 4319 1131 4418 sibimetipsis
1151 4320 1352 4408 consulunt,
1377 4321 1551 4422 nonahis.
1602 4323 1750 4398 Nullum

249 4441 340 4514 enim
380 4465 522 4540 scopum
554 4448 829 4538 persequuntur,
867 4442 935 4516 nisi
967 4467 1084 4516 verum
1120 4440 1330 4539 capescendi.
1392 4440 1558 4515 Utilitatis
1594 4441 1747 4517 studium

248 4561 388 4634 omnino
407 4560 557 4663 fugiunt.
609 4560 668 4632 Ad
688 4570 831 4635 naturae
851 4586 972 4636 meane
996 4560 1238 4659 intelligenda,
1259 4559 1438 4660 jungenda
1459 4586 1499 4634 ee
1523 4567 1558 4634 et
1582 4562 1749 4660 compleo·

248 4680 353 4754 tenda
370 4680 439 4754 veri
459 4679 676 4778 physicarum
695 4679 951 4778 disciplinarum
976 4680 1122 4754 cultores
1144 4685 1301 4763 cunctas,
1321 4677 1448 4774 quibus
1472 4677 1642 4774 polleant,
1663 4679 1750 4755 vires

251 4802 455 4888 intendunt,
482 4824 594 4897 neque
616 4799 759 4896 gloriam
781 4799 847 4876 sibi
867 4807 1034 4897 expetunt
1053 4824 1095 4873 ex
1115 4796 1370 4883 emolumentis,
1396 4821 1484 4894 quae
1510 4797 1696 4875 attulerint
