4874 6182
858 723 1137 793 onnam.
1700 725 1744 792 95

224 931 345 1006 caudis
377 932 419 1005 iis
450 953 540 1030 quae
573 931 646 1005 visa
674 937 756 1005 sunt
784 941 820 1006 et
844 939 935 1008 recte
955 933 1152 1021 observate,
1176 931 1421 1008 abstinendum
1446 933 1587 1007 omnino
1613 936 1734 1006 acon·

224 1047 396 1126 eludendo
421 1050 467 1126 ed
489 1075 530 1126 ea
553 1073 642 1148 quae
667 1051 895 1150 experientiae
923 1061 1061 1128 tantem
1093 1075 1159 1152 ope
1184 1052 1345 1128 affirmari
1367 1059 1429 1128 aut
1453 1052 1571 1152 negari
1588 1057 1735 1150 possunt

227 1177 263 1244 et
288 1170 426 1244 debent.
513 1184 518 1197 “

274 1288 495 1389 Experientia
512 1311 589 1364 vers
609 1288 714 1364 fallax
732 1289 873 1366 dieitur:
892 1291 1010 1390 itaque
1029 1289 1116 1365 nihil
1134 1289 1218 1365 certi
1237 1289 1338 1364 nobis
1357 1297 1512 1367 restaret.
1561 1291 1732 1366 Fallacem

225 1417 434 1484 autemnon
464 1407 629 1498 dixerim,
666 1433 755 1508 quae
789 1433 871 1486 sane
901 1409 1048 1486 difficilis
1080 1418 1133 1486 est
1168 1415 1203 1484 et
1232 1408 1347 1482 fallere
1376 1416 1500 1508 potest.
1549 1410 1628 1484 Hoc
1652 1433 1732 1484 vero

224 1535 421 1616 teneamus,
458 1551 499 1602 eo
533 1527 739 1604 fallaciorem
772 1553 847 1603 esse
883 1529 1146 1629 experientiam,
1184 1550 1256 1627 quo
1294 1527 1405 1626 magis
1438 1521 1571 1602 theoria
1606 1528 1734 1602 imbuti

225 1669 366 1734 sumus,
391 1669 431 1721 eo
452 1645 695 1734 difficiliorem,
720 1669 791 1745 qno
812 1646 1128 1744 phaenomenorum
1151 1646 1349 1744 complexus
1370 1646 1480 1745 major
1502 1655 1570 1735 est,
1595 1671 1734 1745 quoque

223 1767 339 1865 plures
371 1791 493 1841 causae
526 1765 721 1865 incognitae
756 1766 860 1840 simul
893 1773 1018 1866 agant,
1053 1766 1138 1840 dum
1171 1765 1275 1840 unius
1307 1791 1430 1842 causae
1464 1765 1606 1841 effeetus
1643 1767 1733 1842 inter

222 1883 357 1958 diverse
393 1892 623 1984 symptomata
656 1886 800 1960 eruendi
835 1893 927 1960 sunt.
989 1887 1123 1961 Tantus
1160 1893 1277 1960 autem
1311 1909 1491 1960 causarum
1526 1893 1561 1959 et
1585 1887 1734 1984 phaeno-

221 2025 401 2076 manorum
430 2003 628 2102 complexus
649 2003 686 2078 in
707 2003 848 2078 homine
870 2010 1011 2103 aegmto
1032 2028 1068 2079 se
1092 2003 1209 2092 offert,
1236 2011 1277 2077 nt
1300 1989 1509 2102 experientia
1534 2003 1735 2080 difficillima

221 2121 286 2209 sit,
331 2129 367 2195 et
408 2119 538 2198 theoria
576 2122 702 2222 aliquis
750 2121 907 2198 imbutus
941 2123 1031 2199 hene
1065 2122 1301 2198 observatione
1334 2122 1495 2197 affirmari
1529 2121 1627 2196 facile
1666 2123 1734 2198 sibi

220 2241 435 2339 persuadeat.
486 2244 568 2321 Quo
601 2241 732 2318 laetum
763 2251 834 2333 est,
868 2247 909 2317 ut
939 2243 1108 2318 adhunc
1140 2267 1251 2340 usque
1284 2242 1379 2317 diem
1401 2241 1522 2317 latiore
1546 2249 1652 2341 atque
1674 2244 1732 2316 fir·

87 2389 92 2400 ·
219 2361 329 2435 miore
361 2360 523 2461 empirice
559 2361 802 2452 fundamenta,
846 2363 1075 2463 practioorum
1110 2361 1333 2436 consensione
1367 2361 1573 2461 approbata,
1619 2362 1734 2460 qualia

221 2487 304 2554 sunt
335 2503 375 2554 aa
407 2480 534 2580 quibus
565 2481 728 2582 physicae
759 2481 958 2582 disciplinae
987 2481 1167 2571 nituntur,
1191 2481 1307 2582 praxis
1334 2481 1468 2557 medica
1491 2481 1647 2556 nondum
1671 2481 1731 2555 ad·

218 2606 300 2698 epte
324 2599 380 2676 sit.
1056 2641 1060 2652 ·

268 2719 367 2798 Quid
396 2719 504 2794 inde?
528 2761 578 2777 -
602 2719 771 2796 Scientiee
807 2743 992 2819 progressu
1022 2721 1180 2810 theoriis,
1218 2719 1347 2819 quibus
1381 2720 1469 2795 lultn
1504 2726 1581 2794 erat
1614 2721 1730 2818 praxis

219 2837 370 2928 medica,
393 2837 464 2911 lere
490 2836 624 2912 cunctis
649 2837 779 2912 sennim
813 2839 1010 2938 sensimque
1039 2839 1230 2928 subversis,
1262 2839 1414 2913 theoriae
1443 2839 1545 2913 titulo
1572 2845 1608 2912 et
1629 2863 1726 2936 prse-

218 2953 306 3030 sidio
334 2955 474 3030 orbatae
503 2981 647 3054 prensos
677 2958 817 3056 regulae
846 2981 908 3058 per
937 2957 1192 3058 scepticismum
1223 2949 1414 3033 dissolutae
1435 2964 1537 3045 sunt,
1572 2981 1635 3032 neo
1662 2957 1729 3032 nisi

217 3095 347 3171 paneae
377 3095 470 3147 mere
493 3074 676 3174 empirieae
699 3099 907 3175 omnemque
930 3077 1099 3151 theoriam
1121 3077 1295 3175 fugientes
1313 3077 1462 3151 intactae
1480 3087 1729 3154 remanserunt.

219 3192 526 3272 Quemadmodum
569 3217 633 3268 suo
671 3201 826 3294 tempore
858 3195 1111 3269 illustrissimus
1150 3197 1262 3283 Beco,
1301 3219 1450 3294 magnus
1490 3193 1548 3268 illa
1578 3195 1734 3269 methodi

217 3312 378 3411 physicae
400 3321 534 3401 auctor,
558 3311 603 3388 ab
628 3311 708 3388 imis
730 3313 966 3390 fundamentis
989 3314 1231 3390 instaurandas
1255 3337 1330 3390 esse
1351 3313 1549 3412 disciplinas
1574 3314 1732 3412 physicas
1776 3405 1782 3414 ι

218 3431 409 3531 praecepit,
434 3431 483 3506 sic
501 3439 619 3506 nostm
636 3439 791 3531 tempore
809 3438 919 3506 artem
934 3431 1105 3506 medicem
1122 3432 1212 3508 bene
1230 3431 1334 3506 multi
1352 3455 1491 3530 prorsus
1511 3431 1731 3530 rejiciendam

218 3573 294 3625 esse
322 3551 512 3639 affirmant,
536 3551 662 3625 nullibi
686 3549 816 3650 quippe
846 3573 966 3624 verum
996 3551 1127 3625 alalso
1158 3550 1315 3650 dignosci
1343 3575 1444 3648 posse
1474 3552 1730 3626 contendentes.

218 3669 265 3742 Et
292 3669 394 3767 longe
427 3669 565 3769 lateque
597 3667 745 3744 diffrmus
778 3669 835 3744 hic
871 3668 1107 3769 scepticismns
1141 3677 1215 3760 est,
1252 3675 1436 3744 sectatores
1471 3677 1593 3746 neotus
1624 3671 1729 3744 etiam

217 3787 362 3863 eximios
385 3788 645 3888 disciplinarum
667 3790 825 3866 cultores.
1375 3817 1377 3822 ·
1733 3835 1737 3842 ·

266 3906 415 3983 Praetici
434 3915 569 3998 antem,
593 3908 743 3985 colestici
763 3909 952 4009 imprimis,
977 3907 1233 4010 scepticismum
1257 3909 1452 4009 vituperant
1474 3913 1510 3982 et
1528 3911 1635 4006 fidem
1662 3910 1729 3986 sibi

216 4026 324 4102 tnbui
353 4028 526 4127 postulare
556 4029 734 4120 videntur,
766 4030 863 4130 quod
895 4038 1012 4106 amen
1044 4051 1114 4104 non
1147 4037 1283 4105 nostrae
1317 4029 1440 4105 aetatis
1475 4035 1545 4117 est,
1583 4053 1671 4128 quae
1706 4056 1725 4104 e

214 4149 357 4222 maria
384 4147 500 4247 potius
524 4149 782 4248 persuasionem
802 4149 940 4226 haurire
967 4148 1096 4224 studet.
1145 4149 1222 4238 Illi,
1247 4155 1287 4224 ut
1313 4173 1385 4224 rem
1413 4171 1512 4224 suem
1542 4155 1722 4240 tueantur,

215 4265 335 4341 inanes
375 4291 450 4342 esse
480 4267 613 4368 jactent
641 4269 867 4367 scepticorum
901 4268 1180 4369 investigationes
1219 4267 1495 4366 microscopioas,
1534 4266 1721 4356 ohemioas,

217 4385 526 4476 micro-chemicas,
550 4387 1007 4488 enetomimpethologieas,
1036 4395 1072 4462 et
1104 4411 1192 4486 quae
1225 4399 1307 4462 suut
1329 4386 1433 4486 hujus
1457 4385 1592 4485 generis
1615 4385 1721 4474 eliae,

216 4525 306 4601 quse
337 4507 434 4604 praxi
462 4505 658 4606 profuturas
691 4531 727 4583 se
756 4509 926 4608 pollicitae
954 4509 1144 4584 multorum
1175 4507 1338 4606 suffragia
1366 4507 1531 4593 tulerant,
1564 4511 1600 4579 at
1636 4504 1722 4578 nihil

215 4621 313 4698 uliud
336 4623 539 4716 effecerunt,
562 4627 629 4702 ni'si
654 4635 694 4702 ut
718 4627 764 4704 ad
789 4629 910 4729 praxin
940 4629 1108 4704 medicem
1139 4628 1361 4702 transferrent
1390 4625 1479 4701 illud
1506 4625 1722 4700 oeconomiae

215 4741 374 4840 politicae
405 4755 645 4848 praecaptum,
679 4749 775 4848 quod
805 4749 1045 4827 Franco-Gelli
1079 4757 1260 4846 usurpant:
1298 4749 1419 4824 laterae
1441 4748 1561 4843 scire,
1600 4747 1722 4821 lahm

213 4885 343 4957 passer.
