<?xml version="1.0" encoding="UTF-8"?>
<!DOCTYPE html PUBLIC "-//W3C//DTD XHTML 1.0 Transitional//EN"
    "http://www.w3.org/TR/xhtml1/DTD/xhtml1-transitional.dtd">
<html xmlns="http://www.w3.org/1999/xhtml" xml:lang="en" lang="en">
 <head>
  <title>
</title>
<meta http-equiv="Content-Type" content="text/html;charset=utf-8" />
  <meta name='ocr-system' content='tesseract 3.04.00' />
  <meta name='ocr-capabilities' content='ocr_page ocr_carea ocr_par ocr_line ocrx_word'/>
</head>
<body>
  <div class='ocr_page' id='page_1' title='image "annalesacademic02unkngoog_0110.png"; bbox 0 0 4874 6182; ppageno 0'>
   <div class='ocr_carea' id='block_1_1' title="bbox 854 696 1751 770">
    <p class='ocr_par' dir='ltr' id='par_1_1' title="bbox 854 696 1751 770">
     <span class='ocr_line' id='line_1_1' title="bbox 854 696 1751 770; baseline 0.009 -8"><span class='ocrx_word' id='word_1_1' title='bbox 854 696 1130 763; x_wconf 80' lang='lat' dir='ltr'>ORATIO.</span> <span class='ocrx_word' id='word_1_2' title='bbox 1710 705 1751 770; x_wconf 84' lang='lat'><strong>99</strong></span> 
     </span>
    </p>
   </div>
   <div class='ocr_carea' id='block_1_2' title="bbox 229 897 1748 4807">
    <p class='ocr_par' dir='ltr' id='par_1_2' title="bbox 236 897 1747 1479">
     <span class='ocr_line' id='line_1_2' title="bbox 236 897 1746 1002; baseline 0.005 -29"><span class='ocrx_word' id='word_1_3' title='bbox 236 899 472 1002; x_wconf 85' lang='lat' dir='ltr'><strong>investigatis,</strong></span> <span class='ocrx_word' id='word_1_4' title='bbox 517 897 734 974; x_wconf 80' lang='lat' dir='ltr'><strong>necessitudo</strong></span> <span class='ocrx_word' id='word_1_5' title='bbox 769 900 858 974; x_wconf 91' lang='lat' dir='ltr'><strong>inter</strong></span> <span class='ocrx_word' id='word_1_6' title='bbox 896 902 1046 976; x_wconf 89' lang='lat' dir='ltr'><strong>diversas</strong></span> <span class='ocrx_word' id='word_1_7' title='bbox 1084 904 1295 977; x_wconf 88' lang='lat' dir='ltr'><strong>diversarum</strong></span> <span class='ocrx_word' id='word_1_8' title='bbox 1329 903 1480 1002; x_wconf 87' lang='lat' dir='ltr'><strong>partium</strong></span> <span class='ocrx_word' id='word_1_9' title='bbox 1517 903 1746 981; x_wconf 88' lang='lat' dir='ltr'><strong>aberrationes</strong></span> 
     </span>
     <span class='ocr_line' id='line_1_3' title="bbox 237 1019 1747 1121; baseline 0.004 -27"><span class='ocrx_word' id='word_1_10' title='bbox 237 1021 394 1119; x_wconf 89' lang='lat' dir='ltr'><strong>quaesite</strong></span> <span class='ocrx_word' id='word_1_11' title='bbox 426 1027 479 1094; x_wconf 90' lang='lat' dir='ltr'><strong>est</strong></span> <span class='ocrx_word' id='word_1_12' title='bbox 515 1027 565 1107; x_wconf 90' lang='lat' dir='ltr'><strong>et,</strong></span> <span class='ocrx_word' id='word_1_13' title='bbox 598 1019 812 1118; x_wconf 82' lang='lat' dir='ltr'>physiologia</span> <span class='ocrx_word' id='word_1_14' title='bbox 846 1021 955 1110; x_wconf 88' lang='lat' dir='ltr'><strong>duce,</strong></span> <span class='ocrx_word' id='word_1_15' title='bbox 990 1022 1168 1121; x_wconf 82' lang='lat' dir='ltr'><strong>explicata.</strong></span> <span class='ocrx_word' id='word_1_16' title='bbox 1219 1023 1343 1120; x_wconf 85' lang='lat' dir='ltr'>Neque</span> <span class='ocrx_word' id='word_1_17' title='bbox 1374 1023 1410 1096; x_wconf 95' lang='lat' dir='ltr'><strong>in</strong></span> <span class='ocrx_word' id='word_1_18' title='bbox 1447 1048 1487 1098; x_wconf 92' lang='lat' dir='ltr'><strong>eo</strong></span> <span class='ocrx_word' id='word_1_19' title='bbox 1518 1024 1747 1100; x_wconf 91' lang='lat' dir='ltr'><strong>substiterunt</strong></span> 
     </span>
     <span class='ocr_line' id='line_1_4' title="bbox 237 1138 1747 1244; baseline 0.005 -30"><span class='ocrx_word' id='word_1_20' title='bbox 237 1141 389 1215; x_wconf 90' lang='lat' dir='ltr'><strong>anatomi</strong></span> <span class='ocrx_word' id='word_1_21' title='bbox 409 1140 585 1238; x_wconf 88' lang='lat' dir='ltr'><strong>pathologi</strong></span> <span class='ocrx_word' id='word_1_22' title='bbox 601 1146 640 1211; x_wconf 92' lang='lat' dir='ltr'><strong>ut</strong></span> <span class='ocrx_word' id='word_1_23' title='bbox 655 1138 963 1215; x_wconf 88' lang='lat' dir='ltr'><strong>animadverterent</strong></span> <span class='ocrx_word' id='word_1_24' title='bbox 984 1167 1024 1215; x_wconf 91' lang='lat' dir='ltr'><strong>ea</strong></span> <span class='ocrx_word' id='word_1_25' title='bbox 1040 1166 1129 1240; x_wconf 91' lang='lat' dir='ltr'><strong>quae</strong></span> <span class='ocrx_word' id='word_1_26' title='bbox 1150 1142 1246 1215; x_wconf 94' lang='lat' dir='ltr'><strong>nudo</strong></span> <span class='ocrx_word' id='word_1_27' title='bbox 1268 1142 1366 1216; x_wconf 90' lang='lat' dir='ltr'><strong>facile</strong></span> <span class='ocrx_word' id='word_1_28' title='bbox 1389 1144 1487 1217; x_wconf 94' lang='lat' dir='ltr'><strong>oculo</strong></span> <span class='ocrx_word' id='word_1_29' title='bbox 1507 1145 1747 1244; x_wconf 89' lang='lat' dir='ltr'><strong>conspicienda</strong></span> 
     </span>
     <span class='ocr_line' id='line_1_5' title="bbox 237 1257 1747 1358; baseline 0.003 -24"><span class='ocrx_word' id='word_1_30' title='bbox 237 1269 370 1348; x_wconf 93' lang='lat' dir='ltr'><strong>essent;</strong></span> <span class='ocrx_word' id='word_1_31' title='bbox 403 1267 534 1334; x_wconf 90' lang='lat' dir='ltr'><strong>armato</strong></span> <span class='ocrx_word' id='word_1_32' title='bbox 567 1257 666 1332; x_wconf 90' lang='lat' dir='ltr'><strong>oculo</strong></span> <span class='ocrx_word' id='word_1_33' title='bbox 697 1259 802 1332; x_wconf 90' lang='lat' dir='ltr'><strong>vitam</strong></span> <span class='ocrx_word' id='word_1_34' title='bbox 833 1285 854 1334; x_wconf 91' lang='lat' dir='ltr'><strong>a</strong></span> <span class='ocrx_word' id='word_1_35' title='bbox 881 1285 1002 1334; x_wconf 89' lang='lat' dir='ltr'><strong>norma</strong></span> <span class='ocrx_word' id='word_1_36' title='bbox 1033 1262 1269 1347; x_wconf 74' lang='lat' dir='ltr'><strong>recedentem,</strong></span> <span class='ocrx_word' id='word_1_37' title='bbox 1302 1261 1413 1358; x_wconf 85' lang='lat' dir='ltr'><strong>qualis</strong></span> <span class='ocrx_word' id='word_1_38' title='bbox 1445 1265 1481 1336; x_wconf 93' lang='lat' dir='ltr'><strong>in</strong></span> <span class='ocrx_word' id='word_1_39' title='bbox 1513 1263 1747 1338; x_wconf 80' lang='lat' dir='ltr'>subtilissimis</span> 
     </span>
     <span class='ocr_line' id='line_1_6' title="bbox 236 1376 1745 1479; baseline 0.003 -27"><span class='ocrx_word' id='word_1_40' title='bbox 236 1376 536 1452; x_wconf 72' lang='lat' dir='ltr'><strong>materiei&#39;formis</strong></span> <span class='ocrx_word' id='word_1_41' title='bbox 566 1383 602 1449; x_wconf 92' lang='lat' dir='ltr'><strong>et</strong></span> <span class='ocrx_word' id='word_1_42' title='bbox 631 1377 877 1474; x_wconf 84' lang='lat' dir='ltr'>compositione</span> <span class='ocrx_word' id='word_1_43' title='bbox 901 1387 1063 1477; x_wconf 89' lang='lat' dir='ltr'><strong>apparet,</strong></span> <span class='ocrx_word' id='word_1_44' title='bbox 1088 1380 1232 1454; x_wconf 90' lang='lat' dir='ltr'><strong>scrutari</strong></span> <span class='ocrx_word' id='word_1_45' title='bbox 1255 1387 1290 1452; x_wconf 90' lang='lat' dir='ltr'><strong>et</strong></span> <span class='ocrx_word' id='word_1_46' title='bbox 1312 1380 1502 1479; x_wconf 87' lang='lat' dir='ltr'><strong>intelligere</strong></span> <span class='ocrx_word' id='word_1_47' title='bbox 1526 1385 1745 1458; x_wconf 90' lang='lat' dir='ltr'><strong>studuerunt.</strong></span> 
     </span>
    </p>

    <p class='ocr_par' dir='ltr' id='par_1_3' title="bbox 230 1494 1748 2996">
     <span class='ocr_line' id='line_1_7' title="bbox 286 1494 1747 1596; baseline 0.005 -27"><span class='ocrx_word' id='word_1_48' title='bbox 286 1497 366 1570; x_wconf 86' lang='lat' dir='ltr'><strong>Suis</strong></span> <span class='ocrx_word' id='word_1_49' title='bbox 402 1495 509 1594; x_wconf 90' lang='lat' dir='ltr'><strong>igitur</strong></span> <span class='ocrx_word' id='word_1_50' title='bbox 544 1495 758 1594; x_wconf 88' lang='lat' dir='ltr'>propriisque</span> <span class='ocrx_word' id='word_1_51' title='bbox 791 1494 959 1569; x_wconf 79' lang='lat' dir='ltr'><strong>nitentem</strong></span> <span class='ocrx_word' id='word_1_52' title='bbox 990 1496 1226 1572; x_wconf 82' lang='lat' dir='ltr'><strong>fundamentis</strong></span> <span class='ocrx_word' id='word_1_53' title='bbox 1260 1495 1477 1596; x_wconf 83' lang='lat' dir='ltr'><strong>disciplinam</strong></span> <span class='ocrx_word' id='word_1_54' title='bbox 1510 1499 1636 1576; x_wconf 89' lang='lat' dir='ltr'><strong>factam</strong></span> <span class='ocrx_word' id='word_1_55' title='bbox 1673 1527 1747 1576; x_wconf 88' lang='lat' dir='ltr'><strong>esse</strong></span> 
     </span>
     <span class='ocr_line' id='line_1_8' title="bbox 235 1613 1747 1714; baseline 0.003 -24"><span class='ocrx_word' id='word_1_56' title='bbox 235 1615 444 1691; x_wconf 89' lang='lat' dir='ltr'><strong>anatomiam</strong></span> <span class='ocrx_word' id='word_1_57' title='bbox 480 1613 750 1712; x_wconf 77' lang='lat' dir='ltr'><strong>pathologica‘m,</strong></span> <span class='ocrx_word' id='word_1_58' title='bbox 790 1620 907 1688; x_wconf 89' lang='lat' dir='ltr'><strong>nostra</strong></span> <span class='ocrx_word' id='word_1_59' title='bbox 943 1623 1036 1690; x_wconf 88' lang='lat' dir='ltr'><strong>aetas</strong></span> <span class='ocrx_word' id='word_1_60' title='bbox 1074 1617 1248 1714; x_wconf 87' lang='lat' dir='ltr'><strong>gloriatur.</strong></span> <span class='ocrx_word' id='word_1_61' title='bbox 1305 1618 1361 1690; x_wconf 93' lang='lat' dir='ltr'><strong>Ne</strong></span> <span class='ocrx_word' id='word_1_62' title='bbox 1397 1627 1513 1692; x_wconf 87' lang='lat' dir='ltr'><strong>autern</strong></span> <span class='ocrx_word' id='word_1_63' title='bbox 1543 1621 1647 1693; x_wconf 93' lang='lat' dir='ltr'><strong>nimis</strong></span> <span class='ocrx_word' id='word_1_64' title='bbox 1676 1623 1747 1696; x_wconf 88' lang='lat' dir='ltr'><strong>suis</strong></span> 
     </span>
     <span class='ocr_line' id='line_1_9' title="bbox 234 1733 1745 1834; baseline 0.003 -26"><span class='ocrx_word' id='word_1_65' title='bbox 234 1735 365 1808; x_wconf 90' lang='lat' dir='ltr'><strong>viribus</strong></span> <span class='ocrx_word' id='word_1_66' title='bbox 402 1734 573 1820; x_wconf 91' lang='lat' dir='ltr'><strong>confidat,</strong></span> <span class='ocrx_word' id='word_1_67' title='bbox 605 1733 678 1831; x_wconf 87' lang='lat' dir='ltr'><strong>jam</strong></span> <span class='ocrx_word' id='word_1_68' title='bbox 705 1741 822 1806; x_wconf 92' lang='lat' dir='ltr'><strong>monet</strong></span> <span class='ocrx_word' id='word_1_69' title='bbox 846 1733 996 1809; x_wconf 89' lang='lat' dir='ltr'><strong>historia.</strong></span> <span class='ocrx_word' id='word_1_70' title='bbox 1049 1736 1137 1808; x_wconf 88' lang='lat' dir='ltr'><strong>Solis</strong></span> <span class='ocrx_word' id='word_1_71' title='bbox 1159 1737 1252 1809; x_wconf 90' lang='lat' dir='ltr'><strong>enim</strong></span> <span class='ocrx_word' id='word_1_72' title='bbox 1273 1735 1381 1834; x_wconf 91' lang='lat' dir='ltr'><strong>ipsius</strong></span> <span class='ocrx_word' id='word_1_73' title='bbox 1406 1737 1641 1812; x_wconf 80' lang='lat' dir='ltr'><strong>fundamentis</strong></span> <span class='ocrx_word' id='word_1_74' title='bbox 1670 1742 1745 1814; x_wconf 92' lang='lat' dir='ltr'><strong>uni·</strong></span> 
     </span>
     <span class='ocr_line' id='line_1_10' title="bbox 234 1852 1745 1960; baseline 0.005 -35"><span class='ocrx_word' id='word_1_75' title='bbox 234 1877 364 1926; x_wconf 89' lang='lat' dir='ltr'><strong>versam</strong></span> <span class='ocrx_word' id='word_1_76' title='bbox 399 1852 642 1950; x_wconf 87' lang='lat' dir='ltr'><strong>psthogeniam</strong></span> <span class='ocrx_word' id='word_1_77' title='bbox 680 1853 870 1950; x_wconf 87' lang='lat' dir='ltr'><strong>superstrui</strong></span> <span class='ocrx_word' id='word_1_78' title='bbox 905 1879 974 1928; x_wconf 94' lang='lat' dir='ltr'><strong>non</strong></span> <span class='ocrx_word' id='word_1_79' title='bbox 1013 1880 1135 1952; x_wconf 89' lang='lat' dir='ltr'><strong>posse,</strong></span> <span class='ocrx_word' id='word_1_80' title='bbox 1171 1855 1286 1929; x_wconf 86' lang='lat' dir='ltr'><strong>schola</strong></span> <span class='ocrx_word' id='word_1_81' title='bbox 1317 1856 1523 1930; x_wconf 86' lang='lat' dir='ltr'><strong>Viennensis</strong></span> <span class='ocrx_word' id='word_1_82' title='bbox 1555 1858 1652 1960; x_wconf 86' lang='lat' dir='ltr'><strong>testis</strong></span> <span class='ocrx_word' id='word_1_83' title='bbox 1683 1869 1745 1934; x_wconf 91' lang='lat' dir='ltr'><strong>est.</strong></span> 
     </span>
     <span class='ocr_line' id='line_1_11' title="bbox 234 1970 1747 2076; baseline 0.004 -31"><span class='ocrx_word' id='word_1_84' title='bbox 234 1970 420 2069; x_wconf 84' lang='lat' dir='ltr'><strong>Sanguinis</strong></span> <span class='ocrx_word' id='word_1_85' title='bbox 451 1971 676 2068; x_wconf 85' lang='lat' dir='ltr'><strong>proprietates</strong></span> <span class='ocrx_word' id='word_1_86' title='bbox 702 1973 860 2068; x_wconf 88' lang='lat' dir='ltr'><strong>physicas</strong></span> <span class='ocrx_word' id='word_1_87' title='bbox 890 1999 910 2046; x_wconf 95' lang='lat' dir='ltr'><strong>a</strong></span> <span class='ocrx_word' id='word_1_88' title='bbox 939 1999 1058 2046; x_wconf 93' lang='lat' dir='ltr'><strong>norma</strong></span> <span class='ocrx_word' id='word_1_89' title='bbox 1083 1975 1240 2048; x_wconf 89' lang='lat' dir='ltr'><strong>recedere</strong></span> <span class='ocrx_word' id='word_1_90' title='bbox 1273 1983 1308 2047; x_wconf 92' lang='lat' dir='ltr'><strong>et</strong></span> <span class='ocrx_word' id='word_1_91' title='bbox 1331 1976 1509 2050; x_wconf 86' lang='lat' dir='ltr'><strong>materiem</strong></span> <span class='ocrx_word' id='word_1_92' title='bbox 1536 2003 1555 2051; x_wconf 93' lang='lat' dir='ltr'><strong>e</strong></span> <span class='ocrx_word' id='word_1_93' title='bbox 1579 1980 1747 2076; x_wconf 89' lang='lat' dir='ltr'><strong>sanguine</strong></span> 
     </span>
     <span class='ocr_line' id='line_1_12' title="bbox 233 2088 1748 2188; baseline 0.005 -24"><span class='ocrx_word' id='word_1_94' title='bbox 233 2090 378 2165; x_wconf 86' lang='lat' dir='ltr'><strong>effusam</strong></span> <span class='ocrx_word' id='word_1_95' title='bbox 410 2090 553 2162; x_wconf 87' lang='lat' dir='ltr'><strong>diversis</strong></span> <span class='ocrx_word' id='word_1_96' title='bbox 583 2088 702 2162; x_wconf 89' lang='lat' dir='ltr'><strong>formis</strong></span> <span class='ocrx_word' id='word_1_97' title='bbox 726 2090 882 2188; x_wconf 87' lang='lat' dir='ltr'><strong>prodire,</strong></span> <span class='ocrx_word' id='word_1_98' title='bbox 901 2093 1099 2166; x_wconf 88' lang='lat' dir='ltr'><strong>observatio</strong></span> <span class='ocrx_word' id='word_1_99' title='bbox 1124 2093 1258 2180; x_wconf 89' lang='lat' dir='ltr'><strong>docuit;</strong></span> <span class='ocrx_word' id='word_1_100' title='bbox 1285 2095 1502 2168; x_wconf 84' lang='lat' dir='ltr'><strong>necessitudo</strong></span> <span class='ocrx_word' id='word_1_101' title='bbox 1530 2097 1635 2170; x_wconf 88' lang='lat' dir='ltr'><strong>etiarn</strong></span> <span class='ocrx_word' id='word_1_102' title='bbox 1659 2097 1748 2171; x_wconf 93' lang='lat' dir='ltr'><strong>inter</strong></span> 
     </span>
     <span class='ocr_line' id='line_1_13' title="bbox 232 2207 1747 2308; baseline 0.004 -24"><span class='ocrx_word' id='word_1_103' title='bbox 232 2211 320 2284; x_wconf 89' lang='lat' dir='ltr'><strong>hanc</strong></span> <span class='ocrx_word' id='word_1_104' title='bbox 352 2217 387 2282; x_wconf 92' lang='lat' dir='ltr'><strong>et</strong></span> <span class='ocrx_word' id='word_1_105' title='bbox 419 2209 495 2283; x_wconf 90' lang='lat' dir='ltr'><strong>illas</strong></span> <span class='ocrx_word' id='word_1_106' title='bbox 528 2207 592 2282; x_wconf 90' lang='lat' dir='ltr'><strong>rite</strong></span> <span class='ocrx_word' id='word_1_107' title='bbox 623 2218 801 2308; x_wconf 90' lang='lat' dir='ltr'><strong>perspecta</strong></span> <span class='ocrx_word' id='word_1_108' title='bbox 832 2210 908 2284; x_wconf 94' lang='lat' dir='ltr'><strong>fuit.</strong></span> <span class='ocrx_word' id='word_1_109' title='bbox 959 2213 1039 2285; x_wconf 89' lang='lat' dir='ltr'><strong>Non</strong></span> <span class='ocrx_word' id='word_1_110' title='bbox 1072 2219 1189 2286; x_wconf 88' lang='lat' dir='ltr'><strong>autem</strong></span> <span class='ocrx_word' id='word_1_111' title='bbox 1215 2214 1251 2287; x_wconf 90' lang='lat' dir='ltr'><strong>in</strong></span> <span class='ocrx_word' id='word_1_112' title='bbox 1281 2237 1322 2286; x_wconf 93' lang='lat' dir='ltr'><strong>eo</strong></span> <span class='ocrx_word' id='word_1_113' title='bbox 1348 2215 1577 2288; x_wconf 89' lang='lat' dir='ltr'><strong>substiterunt</strong></span> <span class='ocrx_word' id='word_1_114' title='bbox 1598 2217 1747 2291; x_wconf 89' lang='lat' dir='ltr'><strong>illustres</strong></span> 
     </span>
     <span class='ocr_line' id='line_1_14' title="bbox 231 2327 1745 2432; baseline 0.009 -35"><span class='ocrx_word' id='word_1_115' title='bbox 231 2327 465 2414; x_wconf 91' lang='lat' dir='ltr'><strong>Viennenses,</strong></span> <span class='ocrx_word' id='word_1_116' title='bbox 491 2327 713 2400; x_wconf 88' lang='lat' dir='ltr'><strong>seddiversas</strong></span> <span class='ocrx_word' id='word_1_117' title='bbox 736 2329 914 2427; x_wconf 86' lang='lat' dir='ltr'><strong>sanguinis</strong></span> <span class='ocrx_word' id='word_1_118' title='bbox 936 2355 1063 2417; x_wconf 90' lang='lat' dir='ltr'><strong>crases,</strong></span> <span class='ocrx_word' id='word_1_119' title='bbox 1088 2331 1230 2428; x_wconf 86' lang='lat' dir='ltr'><strong>physico</strong></span> <span class='ocrx_word' id='word_1_120' title='bbox 1250 2335 1353 2414; x_wconf 89' lang='lat' dir='ltr'><strong>modo</strong></span> <span class='ocrx_word' id='word_1_121' title='bbox 1375 2342 1512 2408; x_wconf 86' lang='lat' dir='ltr'><strong>tantum</strong></span> <span class='ocrx_word' id='word_1_122' title='bbox 1534 2338 1745 2432; x_wconf 84' lang='lat' dir='ltr'><strong>exploratas,</strong></span> 
     </span>
     <span class='ocr_line' id='line_1_15' title="bbox 232 2445 1744 2548; baseline 0.008 -30"><span class='ocrx_word' id='word_1_123' title='bbox 232 2447 393 2521; x_wconf 85' lang='lat' dir='ltr'><strong>chemicis</strong></span> <span class='ocrx_word' id='word_1_124' title='bbox 432 2445 631 2520; x_wconf 90' lang='lat' dir='ltr'><strong>nominibus</strong></span> <span class='ocrx_word' id='word_1_125' title='bbox 665 2447 914 2546; x_wconf 86' lang='lat' dir='ltr'><strong>insignierunt,</strong></span> <span class='ocrx_word' id='word_1_126' title='bbox 958 2456 1222 2548; x_wconf 87' lang='lat' dir='ltr'><strong>statueruntque</strong></span> <span class='ocrx_word' id='word_1_127' title='bbox 1259 2478 1379 2526; x_wconf 91' lang='lat' dir='ltr'><strong>omnes</strong></span> <span class='ocrx_word' id='word_1_128' title='bbox 1412 2455 1625 2530; x_wconf 89' lang='lat' dir='ltr'><strong>conditiones</strong></span> <span class='ocrx_word' id='word_1_129' title='bbox 1653 2481 1744 2530; x_wconf 90' lang='lat' dir='ltr'><strong>mor·</strong></span> 
     </span>
     <span class='ocr_line' id='line_1_16' title="bbox 231 2565 1745 2676; baseline 0.008 -39"><span class='ocrx_word' id='word_1_130' title='bbox 231 2565 332 2640; x_wconf 89' lang='lat' dir='ltr'><strong>bosas</strong></span> <span class='ocrx_word' id='word_1_131' title='bbox 357 2592 376 2639; x_wconf 94' lang='lat' dir='ltr'><strong>e</strong></span> <span class='ocrx_word' id='word_1_132' title='bbox 401 2567 472 2640; x_wconf 89' lang='lat' dir='ltr'><strong>sola</strong></span> <span class='ocrx_word' id='word_1_133' title='bbox 497 2566 675 2664; x_wconf 88' lang='lat' dir='ltr'><strong>sanguinis</strong></span> <span class='ocrx_word' id='word_1_134' title='bbox 708 2575 842 2641; x_wconf 88' lang='lat' dir='ltr'><strong>mutate</strong></span> <span class='ocrx_word' id='word_1_135' title='bbox 875 2569 1119 2666; x_wconf 89' lang='lat' dir='ltr'><strong>compositione</strong></span> <span class='ocrx_word' id='word_1_136' title='bbox 1145 2571 1326 2646; x_wconf 89' lang='lat' dir='ltr'><strong>ducendas·</strong></span> <span class='ocrx_word' id='word_1_137' title='bbox 1344 2597 1427 2646; x_wconf 91' lang='lat' dir='ltr'><strong>esse.</strong></span> <span class='ocrx_word' id='word_1_138' title='bbox 1480 2574 1536 2648; x_wconf 89' lang='lat' dir='ltr'><strong>Sic</strong></span> <span class='ocrx_word' id='word_1_139' title='bbox 1562 2575 1676 2676; x_wconf 87' lang='lat' dir='ltr'><strong>denuo</strong></span> <span class='ocrx_word' id='word_1_140' title='bbox 1700 2576 1745 2649; x_wconf 91' lang='lat' dir='ltr'><strong>ad</strong></span> 
     </span>
     <span class='ocr_line' id='line_1_17' title="bbox 232 2683 1744 2790; baseline 0.006 -33"><span class='ocrx_word' id='word_1_141' title='bbox 232 2683 358 2759; x_wconf 89' lang='lat' dir='ltr'><strong>limites</strong></span> <span class='ocrx_word' id='word_1_142' title='bbox 390 2686 606 2784; x_wconf 89' lang='lat' dir='ltr'><strong>pathologiae</strong></span> <span class='ocrx_word' id='word_1_143' title='bbox 638 2685 825 2760; x_wconf 88' lang='lat' dir='ltr'><strong>humeralis</strong></span> <span class='ocrx_word' id='word_1_144' title='bbox 859 2686 972 2759; x_wconf 89' lang='lat' dir='ltr'><strong>dictae</strong></span> <span class='ocrx_word' id='word_1_145' title='bbox 993 2695 1197 2784; x_wconf 85' lang='lat' dir='ltr'><strong>perventum</strong></span> <span class='ocrx_word' id='word_1_146' title='bbox 1223 2698 1294 2776; x_wconf 91' lang='lat' dir='ltr'><strong>est,</strong></span> <span class='ocrx_word' id='word_1_147' title='bbox 1319 2691 1376 2764; x_wconf 91' lang='lat' dir='ltr'><strong>cui</strong></span> <span class='ocrx_word' id='word_1_148' title='bbox 1401 2693 1580 2788; x_wconf 88' lang='lat' dir='ltr'><strong>sanguinis</strong></span> <span class='ocrx_word' id='word_1_149' title='bbox 1606 2719 1744 2790; x_wconf 90' lang='lat' dir='ltr'><strong>quoque</strong></span> 
     </span>
     <span class='ocr_line' id='line_1_18' title="bbox 231 2804 1742 2910; baseline 0.005 -34"><span class='ocrx_word' id='word_1_150' title='bbox 231 2804 387 2900; x_wconf 89' lang='lat' dir='ltr'><strong>snalyses</strong></span> <span class='ocrx_word' id='word_1_151' title='bbox 412 2805 605 2892; x_wconf 71' lang='lat' dir='ltr'><strong>memisse,</strong></span> <span class='ocrx_word' id='word_1_152' title='bbox 631 2804 919 2903; x_wconf 70' lang='lat' dir='ltr'><strong>albanen-gallis</strong></span> <span class='ocrx_word' id='word_1_153' title='bbox 933 2805 1005 2902; x_wconf 89' lang='lat' dir='ltr'><strong>jem</strong></span> <span class='ocrx_word' id='word_1_154' title='bbox 1028 2806 1226 2895; x_wconf 90' lang='lat' dir='ltr'><strong>institutae,</strong></span> <span class='ocrx_word' id='word_1_155' title='bbox 1252 2809 1332 2882; x_wconf 89' lang='lat' dir='ltr'><strong>licet</strong></span> <span class='ocrx_word' id='word_1_156' title='bbox 1350 2833 1422 2882; x_wconf 87' lang='lat' dir='ltr'><strong>rem</strong></span> <span class='ocrx_word' id='word_1_157' title='bbox 1443 2811 1500 2882; x_wconf 89' lang='lat' dir='ltr'><strong>vix</strong></span> <span class='ocrx_word' id='word_1_158' title='bbox 1518 2812 1742 2910; x_wconf 88' lang='lat' dir='ltr'><strong>tetegissent,</strong></span> 
     </span>
     <span class='ocr_line' id='line_1_19' title="bbox 230 2921 584 2996; baseline 0.008 -3"><span class='ocrx_word' id='word_1_159' title='bbox 230 2921 344 2996; x_wconf 87' lang='lat' dir='ltr'><strong>favere</strong></span> <span class='ocrx_word' id='word_1_160' title='bbox 371 2921 584 2996; x_wconf 88' lang='lat' dir='ltr'><strong>dicebantur.</strong></span> 
     </span>
    </p>

    <p class='ocr_par' dir='ltr' id='par_1_4' title="bbox 229 3040 1748 4208">
     <span class='ocr_line' id='line_1_20' title="bbox 281 3040 1746 3146; baseline 0.007 -34"><span class='ocrx_word' id='word_1_161' title='bbox 281 3041 386 3113; x_wconf 86' lang='lat' dir='ltr'><strong>Gravi</strong></span> <span class='ocrx_word' id='word_1_162' title='bbox 408 3040 489 3114; x_wconf 92' lang='lat' dir='ltr'><strong>huic</strong></span> <span class='ocrx_word' id='word_1_163' title='bbox 508 3041 611 3114; x_wconf 88' lang='lat' dir='ltr'><strong>errori</strong></span> <span class='ocrx_word' id='word_1_164' title='bbox 634 3041 695 3112; x_wconf 94' lang='lat' dir='ltr'><strong>diu</strong></span> <span class='ocrx_word' id='word_1_165' title='bbox 714 3047 830 3114; x_wconf 89' lang='lat' dir='ltr'><strong>tamen</strong></span> <span class='ocrx_word' id='word_1_166' title='bbox 850 3041 1023 3138; x_wconf 86' lang='lat' dir='ltr'><strong>indulgeri</strong></span> <span class='ocrx_word' id='word_1_167' title='bbox 1041 3065 1110 3115; x_wconf 91' lang='lat' dir='ltr'><strong>non</strong></span> <span class='ocrx_word' id='word_1_168' title='bbox 1131 3048 1282 3139; x_wconf 88' lang='lat' dir='ltr'><strong>poterat,</strong></span> <span class='ocrx_word' id='word_1_169' title='bbox 1303 3067 1414 3139; x_wconf 92' lang='lat' dir='ltr'><strong>quum</strong></span> <span class='ocrx_word' id='word_1_170' title='bbox 1431 3069 1513 3118; x_wconf 92' lang='lat' dir='ltr'><strong>sans</strong></span> <span class='ocrx_word' id='word_1_171' title='bbox 1532 3045 1746 3146; x_wconf 85' lang='lat' dir='ltr'><strong>physiologia</strong></span> 
     </span>
     <span class='ocr_line' id='line_1_21' title="bbox 232 3158 1746 3263; baseline 0.005 -31"><span class='ocrx_word' id='word_1_172' title='bbox 232 3182 346 3256; x_wconf 89' lang='lat' dir='ltr'><strong>neque</strong></span> <span class='ocrx_word' id='word_1_173' title='bbox 373 3158 607 3257; x_wconf 88' lang='lat' dir='ltr'><strong>pathologiam</strong></span> <span class='ocrx_word' id='word_1_174' title='bbox 627 3159 840 3232; x_wconf 87' lang='lat' dir='ltr'><strong>humoralem</strong></span> <span class='ocrx_word' id='word_1_175' title='bbox 864 3183 978 3256; x_wconf 91' lang='lat' dir='ltr'><strong>neque</strong></span> <span class='ocrx_word' id='word_1_176' title='bbox 1002 3160 1195 3232; x_wconf 83' lang='lat' dir='ltr'><strong>solidarium</strong></span> <span class='ocrx_word' id='word_1_177' title='bbox 1219 3160 1427 3234; x_wconf 91' lang='lat' dir='ltr'><strong>audiendam</strong></span> <span class='ocrx_word' id='word_1_178' title='bbox 1453 3187 1527 3235; x_wconf 88' lang='lat' dir='ltr'><strong>esse</strong></span> <span class='ocrx_word' id='word_1_179' title='bbox 1549 3165 1746 3263; x_wconf 85' lang='lat' dir='ltr'><strong>praecipiat.</strong></span> 
     </span>
     <span class='ocr_line' id='line_1_22' title="bbox 229 3277 1746 3357; baseline 0.003 -6"><span class='ocrx_word' id='word_1_180' title='bbox 229 3279 405 3351; x_wconf 91' lang='lat' dir='ltr'><strong>Nimirum</strong></span> <span class='ocrx_word' id='word_1_181' title='bbox 438 3277 475 3350; x_wconf 92' lang='lat' dir='ltr'><strong>in</strong></span> <span class='ocrx_word' id='word_1_182' title='bbox 508 3286 589 3351; x_wconf 90' lang='lat' dir='ltr'><strong>actu</strong></span> <span class='ocrx_word' id='word_1_183' title='bbox 616 3277 814 3350; x_wconf 89' lang='lat' dir='ltr'><strong>nutritionis</strong></span> <span class='ocrx_word' id='word_1_184' title='bbox 846 3277 954 3350; x_wconf 91' lang='lat' dir='ltr'><strong>solida</strong></span> <span class='ocrx_word' id='word_1_185' title='bbox 984 3285 1020 3351; x_wconf 91' lang='lat' dir='ltr'><strong>et</strong></span> <span class='ocrx_word' id='word_1_186' title='bbox 1051 3277 1159 3351; x_wconf 90' lang='lat' dir='ltr'><strong>fluida</strong></span> <span class='ocrx_word' id='word_1_187' title='bbox 1174 3337 1175 3341; x_wconf 62' lang='lat'>,</span> <span class='ocrx_word' id='word_1_188' title='bbox 1192 3286 1315 3351; x_wconf 91' lang='lat' dir='ltr'><strong>mutuo</strong></span> <span class='ocrx_word' id='word_1_189' title='bbox 1339 3303 1508 3353; x_wconf 90' lang='lat' dir='ltr'><strong>concursu</strong></span> <span class='ocrx_word' id='word_1_190' title='bbox 1535 3305 1571 3352; x_wconf 92' lang='lat' dir='ltr'><strong>se</strong></span> <span class='ocrx_word' id='word_1_191' title='bbox 1598 3281 1746 3357; x_wconf 90' lang='lat' dir='ltr'><strong>invicem</strong></span> 
     </span>
     <span class='ocr_line' id='line_1_23' title="bbox 229 3397 1748 3496; baseline 0.004 -27"><span class='ocrx_word' id='word_1_192' title='bbox 229 3403 439 3496; x_wconf 89' lang='lat' dir='ltr'><strong>temperant,</strong></span> <span class='ocrx_word' id='word_1_193' title='bbox 475 3403 510 3469; x_wconf 89' lang='lat' dir='ltr'><strong>et</strong></span> <span class='ocrx_word' id='word_1_194' title='bbox 546 3397 674 3470; x_wconf 88' lang='lat' dir='ltr'><strong>directa</strong></span> <span class='ocrx_word' id='word_1_195' title='bbox 712 3397 816 3471; x_wconf 90' lang='lat' dir='ltr'><strong>etism</strong></span> <span class='ocrx_word' id='word_1_196' title='bbox 850 3421 1032 3472; x_wconf 87' lang='lat' dir='ltr'><strong>nervorum</strong></span> <span class='ocrx_word' id='word_1_197' title='bbox 1066 3398 1117 3470; x_wconf 88' lang='lat' dir='ltr'><strong>vis</strong></span> <span class='ocrx_word' id='word_1_198' title='bbox 1148 3398 1185 3470; x_wconf 92' lang='lat' dir='ltr'><strong>in</strong></span> <span class='ocrx_word' id='word_1_199' title='bbox 1214 3399 1435 3472; x_wconf 87' lang='lat' dir='ltr'><strong>secretionem</strong></span> <span class='ocrx_word' id='word_1_200' title='bbox 1461 3409 1497 3472; x_wconf 91' lang='lat' dir='ltr'><strong>et</strong></span> <span class='ocrx_word' id='word_1_201' title='bbox 1522 3400 1748 3476; x_wconf 89' lang='lat' dir='ltr'><strong>nutritionem</strong></span> 
     </span>
     <span class='ocr_line' id='line_1_24' title="bbox 231 3514 1745 3614; baseline 0.002 -25"><span class='ocrx_word' id='word_1_202' title='bbox 231 3523 332 3589; x_wconf 87' lang='lat' dir='ltr'><strong>canta</strong></span> <span class='ocrx_word' id='word_1_203' title='bbox 351 3514 525 3612; x_wconf 86' lang='lat' dir='ltr'><strong>Ludwigii</strong></span> <span class='ocrx_word' id='word_1_204' title='bbox 548 3515 783 3589; x_wconf 87' lang='lat' dir='ltr'><strong>observatione</strong></span> <span class='ocrx_word' id='word_1_205' title='bbox 804 3523 857 3588; x_wconf 92' lang='lat' dir='ltr'><strong>est</strong></span> <span class='ocrx_word' id='word_1_206' title='bbox 877 3515 1106 3614; x_wconf 89' lang='lat' dir='ltr'><strong>comprobate.</strong></span> <span class='ocrx_word' id='word_1_207' title='bbox 1157 3517 1237 3588; x_wconf 85' lang='lat' dir='ltr'><strong>Alia</strong></span> <span class='ocrx_word' id='word_1_208' title='bbox 1257 3517 1364 3612; x_wconf 89' lang='lat' dir='ltr'><strong>igitur</strong></span> <span class='ocrx_word' id='word_1_209' title='bbox 1383 3524 1518 3614; x_wconf 87' lang='lat' dir='ltr'><strong>praeter</strong></span> <span class='ocrx_word' id='word_1_210' title='bbox 1536 3519 1745 3592; x_wconf 85' lang='lat' dir='ltr'><strong>anatomiam</strong></span> 
     </span>
     <span class='ocr_line' id='line_1_25' title="bbox 231 3633 1743 3736; baseline 0.001 -29"><span class='ocrx_word' id='word_1_211' title='bbox 231 3633 484 3732; x_wconf 90' lang='lat' dir='ltr'><strong>pathologicam</strong></span> <span class='ocrx_word' id='word_1_212' title='bbox 512 3633 775 3730; x_wconf 86' lang='lat' dir='ltr'><strong>requirebantur</strong></span> <span class='ocrx_word' id='word_1_213' title='bbox 812 3633 856 3706; x_wconf 91' lang='lat' dir='ltr'><strong>ad</strong></span> <span class='ocrx_word' id='word_1_214' title='bbox 889 3633 1133 3732; x_wconf 88' lang='lat' dir='ltr'><strong>pathogeniam</strong></span> <span class='ocrx_word' id='word_1_215' title='bbox 1167 3633 1426 3708; x_wconf 88' lang='lat' dir='ltr'><strong>illustrandam:</strong></span> <span class='ocrx_word' id='word_1_216' title='bbox 1452 3635 1582 3736; x_wconf 22' lang='lat' dir='ltr'><strong>&#39;critica</strong></span> <span class='ocrx_word' id='word_1_217' title='bbox 1615 3661 1743 3734; x_wconf 90' lang='lat' dir='ltr'><strong>nempe</strong></span> 
     </span>
     <span class='ocr_line' id='line_1_26' title="bbox 232 3745 1745 3854; baseline 0.001 -28"><span class='ocrx_word' id='word_1_218' title='bbox 232 3753 379 3850; x_wconf 79' lang='lat' dir='ltr'><strong>anslysis</strong></span> <span class='ocrx_word' id='word_1_219' title='bbox 416 3775 555 3840; x_wconf 90' lang='lat' dir='ltr'><strong>eorum,</strong></span> <span class='ocrx_word' id='word_1_220' title='bbox 596 3745 742 3852; x_wconf 75' lang='lat' dir='ltr'><strong>quse&#39;a</strong></span> <span class='ocrx_word' id='word_1_221' title='bbox 781 3775 963 3826; x_wconf 88' lang='lat' dir='ltr'><strong>nervorum</strong></span> <span class='ocrx_word' id='word_1_222' title='bbox 998 3751 1130 3825; x_wconf 90' lang='lat' dir='ltr'><strong>actione</strong></span> <span class='ocrx_word' id='word_1_223' title='bbox 1161 3752 1333 3852; x_wconf 90' lang='lat' dir='ltr'><strong>pendent,</strong></span> <span class='ocrx_word' id='word_1_224' title='bbox 1358 3753 1489 3826; x_wconf 87' lang='lat' dir='ltr'><strong>sedula</strong></span> <span class='ocrx_word' id='word_1_225' title='bbox 1527 3755 1745 3854; x_wconf 89' lang='lat' dir='ltr'><strong>investigatio</strong></span> 
     </span>
     <span class='ocr_line' id='line_1_27' title="bbox 232 3869 1742 3971; baseline 0.003 -26"><span class='ocrx_word' id='word_1_226' title='bbox 232 3871 470 3945; x_wconf 91' lang='lat' dir='ltr'><strong>conditionum</strong></span> <span class='ocrx_word' id='word_1_227' title='bbox 501 3869 761 3958; x_wconf 88' lang='lat' dir='ltr'><strong>morbosarum,</strong></span> <span class='ocrx_word' id='word_1_228' title='bbox 787 3871 905 3968; x_wconf 90' lang='lat' dir='ltr'><strong>quales</strong></span> <span class='ocrx_word' id='word_1_229' title='bbox 932 3879 1005 3944; x_wconf 88' lang='lat' dir='ltr'><strong>arte</strong></span> <span class='ocrx_word' id='word_1_230' title='bbox 1031 3873 1118 3946; x_wconf 87' lang='lat' dir='ltr'><strong>effici</strong></span> <span class='ocrx_word' id='word_1_231' title='bbox 1141 3873 1176 3946; x_wconf 93' lang='lat' dir='ltr'><strong>in</strong></span> <span class='ocrx_word' id='word_1_232' title='bbox 1199 3871 1407 3946; x_wconf 87' lang='lat' dir='ltr'><strong>animalibus</strong></span> <span class='ocrx_word' id='word_1_233' title='bbox 1434 3882 1590 3971; x_wconf 89' lang='lat' dir='ltr'><strong>possunt.</strong></span> <span class='ocrx_word' id='word_1_234' title='bbox 1641 3877 1742 3949; x_wconf 88' lang='lat' dir='ltr'><strong>Illam</strong></span> 
     </span>
     <span class='ocr_line' id='line_1_28' title="bbox 233 3989 1743 4088; baseline 0.003 -24"><span class='ocrx_word' id='word_1_235' title='bbox 233 3989 400 4064; x_wconf 88' lang='lat' dir='ltr'><strong>debemus</strong></span> <span class='ocrx_word' id='word_1_236' title='bbox 428 3989 632 4088; x_wconf 87' lang='lat' dir='ltr'><strong>praesertim</strong></span> <span class='ocrx_word' id='word_1_237' title='bbox 666 3989 897 4063; x_wconf 88' lang='lat' dir='ltr'><strong>illustrissimo</strong></span> <span class='ocrx_word' id='word_1_238' title='bbox 926 3989 1079 4078; x_wconf 91' lang='lat' dir='ltr'><strong>Henleo,</strong></span> <span class='ocrx_word' id='word_1_239' title='bbox 1110 3991 1197 4066; x_wconf 93' lang='lat' dir='ltr'><strong>hanc</strong></span> <span class='ocrx_word' id='word_1_240' title='bbox 1222 4000 1358 4080; x_wconf 90' lang='lat' dir='ltr'><strong>autem,</strong></span> <span class='ocrx_word' id='word_1_241' title='bbox 1384 4003 1463 4066; x_wconf 90' lang='lat' dir='ltr'><strong>ante</strong></span> <span class='ocrx_word' id='word_1_242' title='bbox 1485 3995 1614 4068; x_wconf 91' lang='lat' dir='ltr'><strong>multos</strong></span> <span class='ocrx_word' id='word_1_243' title='bbox 1636 4020 1743 4070; x_wconf 89' lang='lat' dir='ltr'><strong>annos</strong></span> 
     </span>
     <span class='ocr_line' id='line_1_29' title="bbox 234 4109 1742 4208; baseline 0.004 -25"><span class='ocrx_word' id='word_1_244' title='bbox 234 4110 463 4207; x_wconf 87' lang='lat' dir='ltr'><strong>aMegendio</strong></span> <span class='ocrx_word' id='word_1_245' title='bbox 485 4109 699 4196; x_wconf 91' lang='lat' dir='ltr'><strong>institutam,</strong></span> <span class='ocrx_word' id='word_1_246' title='bbox 725 4109 958 4182; x_wconf 87' lang='lat' dir='ltr'><strong>aVirchowio</strong></span> <span class='ocrx_word' id='word_1_247' title='bbox 981 4117 1016 4182; x_wconf 87' lang='lat' dir='ltr'><strong>et</strong></span> <span class='ocrx_word' id='word_1_248' title='bbox 1032 4110 1108 4182; x_wconf 89' lang='lat' dir='ltr'><strong>aliis</strong></span> <span class='ocrx_word' id='word_1_249' title='bbox 1127 4111 1269 4184; x_wconf 91' lang='lat' dir='ltr'><strong>feliciter</strong></span> <span class='ocrx_word' id='word_1_250' title='bbox 1287 4112 1360 4208; x_wconf 88' lang='lat' dir='ltr'><strong>jam</strong></span> <span class='ocrx_word' id='word_1_251' title='bbox 1382 4113 1554 4186; x_wconf 78' lang='lat' dir='ltr'><strong>excultam</strong></span> <span class='ocrx_word' id='word_1_252' title='bbox 1577 4115 1742 4190; x_wconf 83' lang='lat' dir='ltr'><strong>videmus.</strong></span> 
     </span>
    </p>

    <p class='ocr_par' dir='ltr' id='par_1_5' title="bbox 234 4228 1744 4807">
     <span class='ocr_line' id='line_1_30' title="bbox 280 4228 1744 4330; baseline 0.004 -28"><span class='ocrx_word' id='word_1_253' title='bbox 280 4228 462 4302; x_wconf 86' lang='lat' dir='ltr'><strong>Accedunt</strong></span> <span class='ocrx_word' id='word_1_254' title='bbox 481 4236 640 4314; x_wconf 88' lang='lat' dir='ltr'><strong>conatus,</strong></span> <span class='ocrx_word' id='word_1_255' title='bbox 665 4228 758 4325; x_wconf 92' lang='lat' dir='ltr'><strong>iique</strong></span> <span class='ocrx_word' id='word_1_256' title='bbox 783 4229 873 4302; x_wconf 91' lang='lat' dir='ltr'><strong>felici</strong></span> <span class='ocrx_word' id='word_1_257' title='bbox 895 4254 974 4302; x_wconf 92' lang='lat' dir='ltr'><strong>cum</strong></span> <span class='ocrx_word' id='word_1_258' title='bbox 1000 4237 1126 4303; x_wconf 91' lang='lat' dir='ltr'><strong>eventu</strong></span> <span class='ocrx_word' id='word_1_259' title='bbox 1148 4231 1318 4317; x_wconf 87' lang='lat' dir='ltr'><strong>instituti,</strong></span> <span class='ocrx_word' id='word_1_260' title='bbox 1343 4239 1383 4303; x_wconf 91' lang='lat' dir='ltr'><strong>ut</strong></span> <span class='ocrx_word' id='word_1_261' title='bbox 1404 4256 1422 4303; x_wconf 90' lang='lat' dir='ltr'><strong>e</strong></span> <span class='ocrx_word' id='word_1_262' title='bbox 1447 4233 1572 4330; x_wconf 87' lang='lat' dir='ltr'><strong>signis,</strong></span> <span class='ocrx_word' id='word_1_263' title='bbox 1599 4234 1744 4308; x_wconf 90' lang='lat' dir='ltr'><strong>durante</strong></span> 
     </span>
     <span class='ocr_line' id='line_1_31' title="bbox 235 4347 1741 4449; baseline 0.005 -31"><span class='ocrx_word' id='word_1_264' title='bbox 235 4349 305 4420; x_wconf 90' lang='lat' dir='ltr'><strong>vita</strong></span> <span class='ocrx_word' id='word_1_265' title='bbox 335 4347 545 4434; x_wconf 89' lang='lat' dir='ltr'><strong>observatis,</strong></span> <span class='ocrx_word' id='word_1_266' title='bbox 581 4355 691 4420; x_wconf 86' lang='lat' dir='ltr'><strong>status</strong></span> <span class='ocrx_word' id='word_1_267' title='bbox 728 4347 907 4422; x_wconf 91' lang='lat' dir='ltr'><strong>morbosus</strong></span> <span class='ocrx_word' id='word_1_268' title='bbox 931 4347 1060 4423; x_wconf 89' lang='lat' dir='ltr'><strong>melius·</strong></span> <span class='ocrx_word' id='word_1_269' title='bbox 1079 4349 1292 4448; x_wconf 89' lang='lat' dir='ltr'><strong>intelligatur</strong></span> <span class='ocrx_word' id='word_1_270' title='bbox 1319 4358 1354 4422; x_wconf 92' lang='lat' dir='ltr'><strong>et</strong></span> <span class='ocrx_word' id='word_1_271' title='bbox 1381 4352 1573 4424; x_wconf 90' lang='lat' dir='ltr'><strong>accuratius</strong></span> <span class='ocrx_word' id='word_1_272' title='bbox 1603 4352 1741 4449; x_wconf 86' lang='lat' dir='ltr'><strong>dignos·</strong></span> 
     </span>
     <span class='ocr_line' id='line_1_32' title="bbox 234 4465 1741 4567; baseline 0.005 -29"><span class='ocrx_word' id='word_1_273' title='bbox 234 4475 341 4538; x_wconf 91' lang='lat' dir='ltr'><strong>catur.</strong></span> <span class='ocrx_word' id='word_1_274' title='bbox 392 4465 499 4540; x_wconf 91' lang='lat' dir='ltr'><strong>Nulla</strong></span> <span class='ocrx_word' id='word_1_275' title='bbox 530 4466 733 4540; x_wconf 89' lang='lat' dir='ltr'><strong>observandi</strong></span> <span class='ocrx_word' id='word_1_276' title='bbox 765 4475 825 4540; x_wconf 90' lang='lat' dir='ltr'><strong>aut</strong></span> <span class='ocrx_word' id='word_1_277' title='bbox 857 4467 1056 4564; x_wconf 83' lang='lat' dir='ltr'><strong>explorandi</strong></span> <span class='ocrx_word' id='word_1_278' title='bbox 1082 4469 1134 4541; x_wconf 88' lang='lat' dir='ltr'><strong>via</strong></span> <span class='ocrx_word' id='word_1_279' title='bbox 1162 4469 1318 4567; x_wconf 88' lang='lat' dir='ltr'><strong>neglecta</strong></span> <span class='ocrx_word' id='word_1_280' title='bbox 1348 4469 1437 4557; x_wconf 81' lang='lat' dir='ltr'><strong>suis,</strong></span> <span class='ocrx_word' id='word_1_281' title='bbox 1467 4477 1501 4542; x_wconf 92' lang='lat' dir='ltr'><strong>et</strong></span> <span class='ocrx_word' id='word_1_282' title='bbox 1528 4471 1573 4544; x_wconf 85' lang='lat' dir='ltr'><strong>ad</strong></span> <span class='ocrx_word' id='word_1_283' title='bbox 1600 4481 1741 4546; x_wconf 92' lang='lat' dir='ltr'><strong>cunctas</strong></span> 
     </span>
     <span class='ocr_line' id='line_1_33' title="bbox 234 4583 1740 4689; baseline 0.005 -33"><span class='ocrx_word' id='word_1_284' title='bbox 234 4583 446 4670; x_wconf 88' lang='lat' dir='ltr'><strong>functiones,</strong></span> <span class='ocrx_word' id='word_1_285' title='bbox 471 4585 516 4657; x_wconf 90' lang='lat' dir='ltr'><strong>sd</strong></span> <span class='ocrx_word' id='word_1_286' title='bbox 538 4585 654 4660; x_wconf 91' lang='lat' dir='ltr'><strong>omnia</strong></span> <span class='ocrx_word' id='word_1_287' title='bbox 676 4585 784 4658; x_wconf 89' lang='lat' dir='ltr'><strong>fluida</strong></span> <span class='ocrx_word' id='word_1_288' title='bbox 806 4593 841 4658; x_wconf 90' lang='lat' dir='ltr'><strong>et</strong></span> <span class='ocrx_word' id='word_1_289' title='bbox 864 4587 972 4660; x_wconf 88' lang='lat' dir='ltr'><strong>solida</strong></span> <span class='ocrx_word' id='word_1_290' title='bbox 995 4613 1014 4660; x_wconf 93' lang='lat' dir='ltr'><strong>e</strong></span> <span class='ocrx_word' id='word_1_291' title='bbox 1035 4612 1173 4685; x_wconf 90' lang='lat' dir='ltr'><strong>corpore</strong></span> <span class='ocrx_word' id='word_1_292' title='bbox 1194 4587 1319 4675; x_wconf 90' lang='lat' dir='ltr'><strong>missa,</strong></span> <span class='ocrx_word' id='word_1_293' title='bbox 1344 4587 1388 4661; x_wconf 90' lang='lat' dir='ltr'><strong>ad</strong></span> <span class='ocrx_word' id='word_1_294' title='bbox 1414 4588 1567 4686; x_wconf 88' lang='lat' dir='ltr'><strong>singulas</strong></span> <span class='ocrx_word' id='word_1_295' title='bbox 1592 4593 1740 4689; x_wconf 91' lang='lat' dir='ltr'><strong>corporis</strong></span> 
     </span>
     <span class='ocr_line' id='line_1_34' title="bbox 234 4699 1741 4807; baseline 0.006 -32"><span class='ocrx_word' id='word_1_296' title='bbox 234 4711 371 4800; x_wconf 86' lang='lat' dir='ltr'><strong>partes,</strong></span> <span class='ocrx_word' id='word_1_297' title='bbox 403 4711 574 4800; x_wconf 91' lang='lat' dir='ltr'><strong>quatenus</strong></span> <span class='ocrx_word' id='word_1_298' title='bbox 608 4704 741 4777; x_wconf 83' lang='lat' dir='ltr'><strong>vivente</strong></span> <span class='ocrx_word' id='word_1_299' title='bbox 775 4705 912 4778; x_wconf 90' lang='lat' dir='ltr'><strong>homine</strong></span> <span class='ocrx_word' id='word_1_300' title='bbox 942 4705 1155 4804; x_wconf 87' lang='lat' dir='ltr'><strong>indagationi</strong></span> <span class='ocrx_word' id='word_1_301' title='bbox 1181 4713 1319 4806; x_wconf 88' lang='lat' dir='ltr'><strong>patent,</strong></span> <span class='ocrx_word' id='word_1_302' title='bbox 1352 4707 1506 4780; x_wconf 91' lang='lat' dir='ltr'><strong>methodi</strong></span> <span class='ocrx_word' id='word_1_303' title='bbox 1539 4717 1574 4780; x_wconf 90' lang='lat' dir='ltr'><strong>et</strong></span> <span class='ocrx_word' id='word_1_304' title='bbox 1601 4699 1741 4807; x_wconf 83' lang='lat' dir='ltr'><strong>physica</strong></span> 
     </span>
    </p>
   </div>
   <div class='ocr_carea' id='block_1_3' title="bbox 235 4821 1140 4920">
    <p class='ocr_par' dir='ltr' id='par_1_6' title="bbox 235 4821 1140 4920">
     <span class='ocr_line' id='line_1_35' title="bbox 235 4821 1140 4920; baseline 0.006 -26"><span class='ocrx_word' id='word_1_305' title='bbox 235 4831 269 4894; x_wconf 90' lang='lat' dir='ltr'><strong>et</strong></span> <span class='ocrx_word' id='word_1_306' title='bbox 294 4822 446 4896; x_wconf 91' lang='lat' dir='ltr'><strong>chemica</strong></span> <span class='ocrx_word' id='word_1_307' title='bbox 469 4829 504 4894; x_wconf 92' lang='lat' dir='ltr'><strong>et</strong></span> <span class='ocrx_word' id='word_1_308' title='bbox 529 4821 768 4920; x_wconf 88' lang='lat' dir='ltr'><strong>microscopica</strong></span> <span class='ocrx_word' id='word_1_309' title='bbox 793 4823 966 4898; x_wconf 89' lang='lat' dir='ltr'><strong>adhibitae</strong></span> <span class='ocrx_word' id='word_1_310' title='bbox 991 4825 1140 4900; x_wconf 88' lang='lat' dir='ltr'><strong>fuerunt.</strong></span> 
     </span>
    </p>
   </div>
   <div class='ocr_carea' id='block_1_4' title="bbox 1482 4947 1554 5018">
    <p class='ocr_par' dir='ltr' id='par_1_7' title="bbox 1482 4947 1554 5018">
     <span class='ocr_line' id='line_1_36' title="bbox 1482 4947 1554 5018; baseline 0 0"><span class='ocrx_word' id='word_1_311' title='bbox 1482 4947 1554 5018; x_wconf 75' lang='lat'><strong>13*</strong></span> 
     </span>
    </p>
   </div>
   <div class='ocr_carea' id='block_1_5' title="bbox 0 0 2442 6182">
    <p class='ocr_par' dir='ltr' id='par_1_8' title="bbox 0 0 2442 6182">
     <span class='ocr_line' id='line_1_37' title="bbox 0 0 2442 6182; baseline 0 0"><span class='ocrx_word' id='word_1_312' title='bbox 0 0 2442 6182; x_wconf 95' lang='lat' dir='ltr'><strong> </strong></span> 
     </span>
    </p>
   </div>
  </div>
 </body>
</html>
