4986 6200
687 671 731 738 32
1263 673 1303 741 G.
1337 674 1365 740 J.
1401 672 1627 743 VERDAM

684 879 852 955 tuendam
883 883 919 952 at
949 875 1144 976 aagendam
1170 875 1301 952 utiliter
1329 877 1501 965 conferas,
1526 877 1751 976 omniumque
1776 877 1928 976 proiecto
1957 901 2105 976 magnae
2130 843 2204 979 spei
2315 977 2324 992 ,

562 1107 565 1114 .
689 1007 725 1074 et
748 996 993 1100 exspectationi
1017 995 1158 1070 omnino
1182 996 1379 1074 satisfacies.
1976 1017 1982 1026 ·

1318 1248 1583 1289 -ί--ιι
1722 1265 1731 1280 t

738 1472 947 1548 Academiae
977 1469 1139 1570 dignitati
1173 1477 1209 1544 at
1242 1470 1471 1548 incolumitati
1499 1471 1589 1546 bene
1618 1473 1816 1546 consultum
1846 1497 1920 1547 esse
1950 1473 1993 1546 iis
2020 1473 2207 1571 probatur,

690 1615 779 1690 quae
799 1591 843 1664 de
862 1589 960 1664 novis
979 1576 1252 1678 Professoribus,
1271 1615 1381 1690 nuper
1399 1592 1539 1680 creatis,
1558 1591 1754 1666 memoravi.
1799 1592 1850 1665 At
1866 1580 2074 1666 Academiae
2096 1598 2207 1666 status

689 1709 849 1807 bonaque
869 1708 1036 1797 conditio,
1061 1716 1124 1784 aut
1143 1709 1218 1808 ejus
1242 1710 1351 1810 gloria
1371 1719 1407 1784 at
1429 1711 1522 1786 fama
1542 1710 1637 1786 haud
1657 1711 1771 1784 minus
1791 1709 1946 1808 integrae
1969 1716 2072 1798 sunt,
2097 1709 2205 1784 immo

689 1828 801 1904 auctis
835 1827 961 1927 opibus
1001 1828 1244 1927 doctrinaeque
1279 1836 1315 1902 et
1354 1829 1513 1904 utilitatis
1551 1829 1727 1904 fructibus.
1760 1828 1859 1902 floret
1896 1827 2101 1904 Academia.
2154 1829 2201 1904 Et

689 1943 859 2022 habemus
893 1947 1064 2046 profecto,
1099 1946 1303 2022 Auditoresl
1339 1948 1369 2022 si
1398 1955 1602 2047 argumenta
1625 1947 1807 2047 postuletis
1833 1953 1867 2020 et
1893 1946 2101 2021 testimonia.
2151 1949 2205 2021 Ao

690 2065 844 2164 primum
878 2065 1042 2163 quidem,
1079 2065 1109 2139 si
1139 2065 1185 2140 ad
1219 2067 1473 2142 institutionem
1500 2067 1731 2142 academicam
1761 2065 1992 2164 attendimus,
2025 2090 2139 2140 nonne
2169 2067 2208 2140 id

689 2185 748 2284 agi
783 2191 819 2258 et
849 2184 924 2258 fieri
958 2191 1120 2282 apparet,
1155 2191 1197 2258 ut
1230 2186 1313 2261 haec
1338 2186 1460 2261 eadem
1491 2194 1658 2286 perpetuo
1681 2187 1726 2260 sit
1748 2185 1849 2260 latior
1872 2195 1976 2285 atque
2005 2185 2210 2285 perfectiori

690 2303 810 2378 Tesste
844 2303 915 2378 sint
942 2326 1023 2377 cum
1056 2303 1244 2379 lectionum
1268 2329 1454 2395 numerus,
1477 2306 1629 2381 indicato
1652 2305 1796 2405 quidem
1818 2305 1944 2404 major,
1970 2312 2046 2380 tum
2070 2330 2206 2380 earum·

689 2422 770 2497 dem
800 2421 956 2512 bonitas,
993 2423 1190 2497 auditorum
1219 2448 1364 2499 numero
1395 2431 1431 2498 et
1464 2424 1603 2499 assidui
1633 2425 1826 2522 frequentia
1853 2425 1948 2500 haud
1974 2424 2101 2512 dubia,
2128 2427 2207 2499 tum
2244 2502 2246 2506 Α
2365 2463 2370 2473 ·

688 2541 794 2615 etiam
817 2541 990 2618 laudabile
1018 2542 1192 2631 studium,
1218 2569 1287 2642 quo
1316 2543 1492 2618 literarum
1517 2552 1553 2618 et
1575 2543 1833 2643 disciplinarum
1858 2543 2043 2618 nonnullae
2067 2551 2207 2642 partes,

689 2660 727 2735 in
759 2662 877 2736 nostrl
909 2662 1097 2737 Academia
1134 2686 1216 2762 prae
1247 2663 1408 2761 reliquis,
1437 2662 1611 2738 coluntur.
1661 2663 1734 2738 Vos
1767 2689 1867 2764 porro
1898 2689 2017 2763 rogare
2049 2687 2207 2762 possem,

688 2787 731 2853 ut
761 2780 807 2854 ad
842 2779 1017 2856 doctrinae
1055 2780 1169 2856 fontes
1194 2782 1403 2870 uberrimos,
1435 2807 1455 2856 a
1482 2781 1610 2882 quibus
1636 2783 1772 2872 Exteri,
1797 2782 1865 2858 huo
1887 2782 2081 2870 venientes,
2107 2781 2208 2856 avide

688 2899 875 2985 hauriunt,
899 2901 1033 2974 animos
1052 2901 1285 2975 attenderetis.
1335 2901 1406 2974 Sed
1422 2901 1461 2973 id
1477 2901 1647 2998 imprimis
1664 2925 1824 2975 moneam
1840 2906 1903 2976 aut
1923 2899 2068 2975 referam
2088 2898 2211 2986 liceat,

690 3016 786 3115 quod
815 3015 1033 3089 Medicorum
1058 3015 1199 3087 Ordinis
1221 3017 1433 3088 meessores
1456 3039 1576 3089 omnes
1599 3017 1753 3112 gaudent
1776 3017 2005 3090 allaetantur
2031 3016 2075 3089 da
2100 3017 2211 3090 auctis

690 3142 726 3211 et
759 3133 917 3233 perfectis
953 3157 1018 3206 neo
1053 3132 1170 3205 minus
1204 3131 1420 3230 amplificatis
1452 3133 1615 3206 omnibus
1646 3132 1708 3220 iis,
1743 3157 1824 3206 cum
1855 3157 1945 3230 quae
1980 3133 2026 3206 ad
2058 3133 2212 3210 subsidia

689 3251 947 3352 praesidiaque,
977 3259 1053 3326 tum
1088 3275 1177 3350 quaa
1202 3250 1248 3326 ad
1274 3251 1430 3326 locorum
1457 3251 1633 3326 meliorem
1657 3252 1826 3326 rationem
1851 3258 1886 3324 at
1911 3253 2210 3350 opportunitatem

687 3371 874 3473 pertinent.
923 3371 992 3446 His
1026 3395 1178 3469 namque
1208 3371 1253 3444 de
1283 3370 1366 3445 artis
1399 3369 1641 3446 saluberrimae
1675 3370 1892 3444 institutione
1928 3370 2038 3446 multo
2065 3371 2207 3461 'latiore,

691 3517 772 3567 oum
806 3492 923 3591 quoad
959 3490 1091 3566 scholas
1124 3490 1345 3578 theoreticae,
1379 3497 1456 3565 tum
1490 3490 1660 3589 imprimis
1695 3490 1811 3588 quoad
1844 3489 2004 3564 exercitia
2036 3491 2207 3586 practica,

643 3658 644 3661 =
692 3613 823 3711 optima
846 3636 1005 3710 quaeque
1029 3617 1065 3684 at
1088 3609 1357 3710 praeclarissima
1381 3635 1516 3708 sperare
1539 3611 1619 3685 licet
1645 3613 1686 3703 ¹).

742 3730 884 3805 sivero
909 3729 1061 3830 cujusvis
1090 3730 1225 3829 generis
1253 3729 1447 3804 studiorum
1475 3754 1660 3828 rerumque
1690 3728 2007 3826 investigandarum
2038 3729 2209 3828 praesidia

693 3859 729 3926 et
755 3848 911 3924 subsidia
936 3856 1152 3948 spectamus,
1184 3848 1436 3937 Bibliothecas,
1468 3849 1610 3936 Museo,
1635 3847 1800 3936 Theatra,
1831 3855 2011 3948 ceteraque
2039 3847 2210 3948 ejusmodi

693 3971 768 4045 loca
791 3969 821 4042 si
849 3949 1277 4067 perlustramus,'auctam
1300 3992 1416 4042 rerum
1438 3967 1718 4054 multitudinem,
1742 3973 1863 4065 aptum
1889 3993 2008 4042 aarum
2034 3967 2209 4054 ordinem,

640 4117 644 4124 ·
693 4088 947 4186 integritatem,
982 4112 1100 4163 curam
1133 4087 1169 4160 in
1203 4081 1400 4185 adparando
1422 4085 1624 4184 exponendo
1649 4083 1873 4192 describendo
1894 4094 1930 4160 ct
1955 4085 2210 4171 conservando,

691 4208 840 4282 nitorem
876 4215 911 4280 et
942 4207 1179 4306 splendorem,
1215 4205 1343 4302 quibus
1367 4204 1457 4278 oculi
1484 4203 1701 4292 alliciuntur,
1725 4203 1954 4293 admiramur;
1976 4247 2024 4262 --
2051 4204 2207 4277 studium

692 4331 856 4425 porroet
885 4323 1120 4424 diligentiam,
1152 4323 1260 4399 immo
1290 4323 1496 4398 industriam
1529 4331 1564 4398 et
1594 4325 1746 4399 laborem
1769 4349 1910 4411 eorum,
1936 4324 1997 4421 qui
2020 4321 2075 4396 his
2095 4321 2207 4394 admi·

693 4444 881 4519 nistrandis
907 4444 1092 4544 praepositi
1118 4451 1218 4530 sunt,
1249 4444 1398 4519 maxime
1427 4443 1631 4531 laudamus,
1654 4485 1703 4501 -
1726 4434 1906 4541 multoque
1933 4441 2019 4516 adeo
2042 4439 2209 4539 majorem

696 4564 808 4638 omnis
829 4564 1018 4638 multorum
1046 4563 1273 4663 speciminum
1298 4561 1531 4658 subsidiorum
1556 4569 1591 4636 et
1613 4559 1875 4661 supellectilium
1909 4557 2044 4658 generis
2073 4556 2210 4656 copiam

736 4821 762 4904 ¹)
781 4824 847 4886 vid.
869 4825 1021 4887 denotatio
1041 4826 1136 4888 XVII.
