4986 6200
648 649 652 656 ’
697 672 739 740 sc
1275 671 1313 740 e.
1347 674 1376 739 J.
1411 673 1631 742 vennam

625 951 626 956 .
699 903 761 944 cum
778 881 960 944 Neerlandiee
977 883 1053 954 Rex,
1075 881 1262 942 Gemmeus
1285 882 1418 960 Paulus,
1438 883 1586 960 Belgarum
1609 879 1812 962 improbissima
1830 885 1859 942 et
1878 882 2036 943 foedissime
2056 880 2206 958 seditione,

698 985 733 1045 ed
765 986 956 1046 auctoritatem
986 1004 1062 1044 suam
1093 983 1223 1044 tuendam
1253 991 1282 1044 et
1312 983 1414 1066 patrios
1450 987 1520 1048 fines
1549 983 1736 1046 defendendos
1774 988 1898 1056 coaetus,
1936 1003 2032 1045 omnes
2071 987 2206 1058 Batavos,

698 1086 799 1148 eximit
829 1087 883 1148 fide
911 1086 937 1146 ei
963 1085 1104 1166 parentes,
1124 1086 1162 1144 ed
1179 1105 1256 1144 arma
1275 1090 1436 1158 vocaverat,
1458 1084 1668 1149 Academiarum
1688 1085 1761 1146 cives
1788 1087 1977 1166 quamplures,
1998 1085 2050 1146 etsi
2070 1085 2100 1145 id
2118 1087 2208 1148 iacere

697 1209 754 1248 non
781 1187 934 1260 debebant,
964 1195 1085 1248 ettamen
1111 1186 1177 1246 huic
1206 1187 1267 1246 voci
1286 1187 1400 1248 obedire
1418 1207 1475 1248 non
1496 1185 1652 1258 tardarunt,
1674 1192 1703 1246 et
1721 1185 1849 1247 militiam
1869 1188 2078 1268 capessiveruut.
2119 1188 2209 1249 Divisi

697 1298 760 1350 sunt
787 1290 818 1350 in
844 1297 900 1352 tres
927 1291 1069 1362 cobortes,
1100 1308 1213 1367 quarum
1244 1291 1372 1369 cujusque
1398 1289 1511 1350 milites·
1528 1289 1650 1368 ejusdem
1668 1289 1833 1350 Academiae
1852 1294 1930 1350 erent
1950 1290 2033 1352 cives.
2073 1290 2208 1352 Ardorem

697 1399 725 1454 et
751 1393 881 1454 virtutem
906 1391 1055 1453 laudabant
1085 1410 1182 1452 omnes
1210 1391 1289 1451 boni.
1328 1393 1419 1452 Tanta
1437 1397 1529 1452 antem
1550 1391 1675 1452 universe
1694 1396 1752 1452 erat
1772 1391 1912 1464 alacritas,
1942 1391 2028 1470 Regis
2047 1391 2209 1470 Patriaeque

695 1515 788 1556 amore
816 1500 844 1554 et
870 1496 1019 1572 Belgarum
1046 1491 1293 1570 ingratissimorum
1320 1493 1418 1570 flagitii
1445 1493 1551 1554 summi
1577 1493 1768 1572 indignatione
1802 1500 1881 1554 sucta
1912 1499 1940 1554 et
1970 1493 2100 1565 incitata,
2127 1500 2159 1554 ut
2179 1499 2208 1553 et

693 1600 784 1678 plures
813 1597 892 1670 Viri,
924 1596 1045 1656 muneris
1077 1615 1178 1672 genere
1212 1615 1244 1655 ac
1277 1593 1398 1668 ratione,
1433 1601 1481 1656 aut
1508 1599 1597 1656 aetate
1625 1601 1654 1656 et
1684 1595 1835 1672 dignitate,
1867 1597 2025 1676 ceteroquin
2055 1597 2206 1666 imurunes,
2263 1657 2267 1670 ,

692 1699 829 1780 praeirent
858 1705 887 1760 et
917 1719 992 1759 arma
1019 1701 1155 1778 caperent.
1202 1696 1249 1756 Sic
1280 1696 1380 1758 civium
1412 1697 1629 1759 academicorum
1666 1698 1774 1758 cohorti
1807 1697 2003 1775 Groningenae
2034 1718 2063 1758 sc
2092 1697 2206 1776 adjungi

692 1822 755 1862 cum
785 1802 839 1863 duo
869 1801 1040 1861 Professores
1063 1797 1229 1860 Academiae
1260 1799 1455 1876 Groninganae
1485 1799 1657 1880 petivissent,
1685 1799 1717 1858 hi
1744 1800 1874 1862 cohortis,
1887 1799 2122 1861 Subceuturiones
2143 1820 2208 1860 con·

692 1903 780 1964 stituti
810 1910 882 1964 sunt.
932 1904 1012 1963 Alter
1048 1907 1106 1964 erat
1146 1900 1197 1959 Vir
1234 1901 1406 1961 Clarissimus
1442 1902 1632 1962 Gemmeus
1664 1903 1797 1974 vrorm,
1832 1902 1863 1961 in
1894 1901 2000 1961 Ordine
2032 1901 2206 1962 Medicorum

690 2007 846 2079 Profeemr,
878 2007 946 2067 alter
972 2005 1025 2064 Vir
1052 2002 1224 2064 Clarissimus
1252 2003 1387 2064 torreas
1403 2003 1592 2064 Peenameus
1610 2020 1670 2064 vau
1692 2003 1822 2070 08888.Ι
1849 2003 1907 2064 1118
1927 2003 2054 2082 quidem,
2075 2003 2205 2084 temporis

693 2110 808 2169 fortasse
835 2108 924 2181 illius,
954 2127 983 2168 se
1010 2107 1070 2166 eive
1097 2104 1269 2174 academico,
1297 2121 1415 2178 memor,
1447 2103 1545 2166 ardore
1574 2107 1686 2187 plenus,
1718 2105 1879 2184 animoque,
1910 2107 1944 2165 ad
1964 2105 2085 2166 Patriam
2109 2107 2144 2166 ab
2165 2107 2206 2164 in·

690 2211 771 2286 juriis
799 2209 999 2270 defendendam
1025 2228 1178 2290 propenso,
1205 2207 1352 2288 impulsus,
1378 2208 1512 2269 voluntati
1537 2229 1594 2268 non
1621 2205 1803 2269 resistendum
1828 2213 1857 2268 at
1884 2207 2036 2268 cedendum
2064 2211 2108 2279 et,
2129 2211 2203 2269 velut

693 2311 777 2370 officii
800 2311 876 2384 voci,
897 2309 1047 2392 parendum
1067 2329 1125 2371 esse
1145 2308 1320 2370 existimavit.
1360 2309 1544 2392 Expeditione
1564 2315 1655 2370 cutem
1674 2309 1794 2387 gloriose
1811 2310 1898 2384 18818,
1918 2310 2081 2389 Patriaeque
2097 2311 2203 2370 honore

694 2413 836 2492 splendide
862 2412 1018 2487 vindicato,
1046 2413 1150 2474 civibus
1177 2410 1353 2483 academicis,
1382 2417 1412 2472 nt
1433 2409 1523 2473 studia
1543 2417 1713 2494 repeterent,
1734 2431 1802 2492 pace
1822 2412 1874 2472 etsi
1894 2412 2016 2474 nondum
2037 2411 2202 2492 compositi,

694 2517 877 2574 commeatum
905 2531 1064 2574 conoessum
1096 2517 1146 2572 est.
1195 2511 1273 2572 Dicti
1303 2516 1394 2571 autem
1423 2513 1605 2586 Professores,
1637 2513 1739 2594 optime
1769 2513 1875 2586 meriti,
1905 2513 2017 2574 Ordinis
2046 2513 2204 2574 Gallielmei

700 2613 831 2676 Militaris
850 2615 1005 2694 insignibus
1024 2613 1193 2695 equestribus
1211 2613 1333 2676 decorati
1352 2621 1424 2678 sunt.

730 3021 888 3082 rectario
905 3022 965 3092 IV,
986 3040 1049 3099 pag.
1068 3023 1116 3079 15.
1158 3020 1237 3079 Alius
1263 3025 1352 3080 exstet
1378 3033 1467 3080 sermo
1491 3019 1677 3091 academicus,
1702 3022 1735 3078 de
1751 3017 1879 3095 perfietd
1900 3021 2078 3082 Institutorr's
2098 3021 2203 3096 888818,

692 3125 722 3182 ia
747 3125 816 3183 Jeea
844 3122 956 3181 Uiriato
984 3115 1141 3194 conspired,
1169 3140 1250 3198 quem
1275 3121 1373 3180 habuit
1400 3121 1444 3180 Cl.
1465 3137 1527 3180 rare
1547 3121 1666 3192 Oounn,
1690 3120 1735 3180 die
1757 3125 1774 3179 8
1797 3119 1939 3180 Februarii
1958 3141 1983 3180 a.
2005 3125 2099 3192 1848,
2120 3139 2204 3198 quum

695 3223 823 3284 Pectoris
851 3221 995 3298 Magnifici
1019 3239 1133 3292 munus,
1159 3219 1205 3280 dia
1234 3227 1250 3280 8
1271 3216 1414 3281 Pebmarii
1433 3242 1458 3281 a.
1481 3221 1798 3295 1841818888881888,
1819 3225 1982 3303 expleverat.
2023 3220 2204 3300 Magistratus

694 3323 737 3383 sui
765 3341 852 3382 annue
878 3321 943 3380 satis
970 3337 1099 3400 propems
1120 3318 1187 3392 luit,
1208 3328 1236 3380 et
1255 3319 1404 3380 laetissimo
1424 3321 1558 3402 imprimis
1577 3322 1622 3384 die
1640 3324 1791 3399 notandus,
1811 3343 1866 3404 quo
1886 3345 1985 3405 nempe
2005 3325 2077 3401 Regi
2097 3328 2204 3400 Augus-

693 3425 815 3498 tissime,
847 3422 1028 3502 omnibusque
1059 3421 1216 3494 8181881888,
1254 3423 1424 3483 Gumrssuo
1454 3426 1602 3496 8888888,
1639 3423 1755 3488 Leidam
1785 3426 1908 3498 visitare,
1937 3425 2059 3497 Urbem,
2088 3424 2202 3496 Musca,

695 3527 841 3606 omniaque
861 3524 987 3585 instituta
1006 3522 1175 3596 academica,
1196 3523 1299 3596 visere,
1319 3525 1350 3584 in
1369 3527 1496 3610 senaculo
1515 3525 1631 3612 morari,
1651 3525 1745 3606 ibique
1766 3527 1900 3588 suutmdi
1920 3547 1982 3588 eum
1999 3534 2027 3588 et
2044 3515 2199 3606 alloquendi

694 3627 928 3717 opportunitatem
948 3625 1130 3702 gratissimam
1149 3624 1262 3686 Rectori
1281 3629 1310 3684 et
1329 3625 1530 3686 Professoribas
1549 3625 1693 3706 praebere,
1715 3627 1854 3707 placuerit.
2121 3634 2123 3640 ’

738 4037 891 4096 Anuotatio
911 4035 956 4106 V,
984 4053 1046 4115 pag.
1068 4038 1117 4095 15.
1155 4035 1210 4096 Die
1239 4039 1275 4096 15
1304 4035 1467 4096 Decembris
1493 4057 1519 4096 a.
1548 4040 1626 4096 1858
1652 4036 1796 4098 defunctus
1823 4038 1866 4098 Ol.
1894 4055 1956 4098 vau
1977 4039 2082 4100 Ooaor
2108 4041 2202 4100 funem

695 4141 781 4199 elatus
801 4144 854 4199 est.
895 4137 1014 4198 Juvenes
1035 4135 1255 4216 quatuordecim,
1276 4137 1397 4198 defuncti
1416 4137 1597 4218 praeceptoris
1616 4137 1741 4218 discipuli
1760 4138 1919 4212 lectissimi,¹
1938 4141 2020 4200 funrrs
2038 4143 2202 4202 extulerunt.

695 4241 767 4300 'Pom
795 4239 914 4320 primurn
935 4239 987 4298 Vir
1009 4239 1051 4299 Cl.
1070 4239 1110 4300 N.
1131 4241 1164 4299 Ο.
1186 4237 1277 4312 Krsr,
1298 4239 1432 4300 instead.
1453 4239 1618 4318 bugd-Bai.
1639 4241 1737 4300 Theol.
1757 4241 1913 4314 Professor,
1941 4241 2063 4303 defuncti
2083 4244 2202 4322 aequalis

690 4325 896 4421 studiorumque
925 4340 1015 4402 socius
1043 4347 1072 4402 et
1098 4342 1205 4418 college
1232 4341 1486 4420 conjunctissimus,
1513 4341 1615 4403 deinde
1640 4342 1694 4402 Vir
1712 4341 1885 4402 doctissimus
1904 4342 2102 4423 plurimumque
2121 4364 2203 4406 rene·

693 4445 793 4508 raudus
814 4451 850 4508 A.
870 4448 1013 4507 Berosus
1034 4460 1095 4506 vast
1118 4460 1178 4504 nan
1198 4443 1312 4517 Lesas,
1339 4446 1437 4506 Theol.
1458 4445 1580 4518 Ductor,
1601 4444 1742 4506 Ecclesiae
1761 4447 1924 4506 reformatae
1943 4445 2086 4506 Leideusis
2106 4447 2142 4506 V.
2164 4447 2201 4507 D.

577 4531 584 4542 ¹
695 4549 839 4621 Minister,
874 4547 1012 4628 quondam
1044 4547 1075 4606 in
1106 4545 1256 4606 Academii
1287 4547 1466 4625 Groningant
1496 4547 1617 4614 defuncti
1647 4547 1794 4628 discipulus
1824 4546 1954 4620 eximius,
1986 4545 2021 4608 ad
2050 4549 2201 4628 sepulcrum

695 4656 813 4722 stantes,
840 4649 925 4710 verba
948 4648 1075 4708 solennia
1101 4649 1240 4720 fecerunt,
1266 4647 1365 4727 quibus
1389 4649 1539 4711 amicorum
1566 4650 1690 4712 omniurn
1715 4651 1819 4710 loetum
1843 4656 1871 4710 et
1890 4667 2043 4710 moerorem
2064 4650 2200 4728 significa·

695 4757 808 4821 verunt,
832 4770 982 4829 omnesque
1005 4752 1120 4823 multos,
1149 4755 1305 4831 praesentes
1331 4751 1379 4830 qui
1406 4749 1565 4826 adsumunt,
1593 4753 1623 4813 irr
1644 4751 1766 4814 defuncti
1788 4751 1889 4814 indolis
1909 4752 2071 4833 praestantis
2091 4753 2200 4816 merito·

694 4871 807 4930 rumque
826 4853 987 4914 memoriam
1006 4851 1112 4914 sincere
1131 4859 1160 4914 et
1180 4852 1307 4931 religiose
1326 4859 1531 4918 revocaverunt.
