4986 6200
588 685 591 692 ’
710 701 754 768 52
1292 697 1332 764 G.
1366 696 1395 765 J.
1428 695 1649 766 VERDAM
1773 755 1777 762 .

716 903 871 980 faciundi
896 904 1080 980 necessitas
1104 904 1277 1004 quaedum
1300 905 1387 980 mihi
1412 905 1574 1004 imposita
1595 909 1706 992 essct,
1740 900 1842 976 hosce
1860 907 1975 1000 partes
2001 901 2143 1001 implere
2165 925 2223 976 me

716 1047 818 1122 posse
851 1023 1052 1124 sperabam,
1088 1024 1118 1096 si
1147 1023 1235 1098 illud
1259 1024 1396 1123 ipsum,
1429 1023 1523 1122 quod
1546 1019 1745 1111 enunciari,
1760 1007 1763 1014 ¹
1778 1021 1865 1094 mihi
1890 1019 2028 1096 dicendi
2052 1045 2220 1096 sumerem

717 1151 980 1242 argumentum,
1026 1143 1138 1242 deque
1172 1143 1237 1218 hoc
1270 1143 1383 1218 fusius
1415 1142 1586 1242 quaedam
1618 1163 1822 1242 exponerem
1853 1165 2035 1239 meamque
2069 1138 2221 1238 qualem-

715 1257 853 1358 cunque
890 1262 1095 1336 senteutiam
1128 1259 1305 1358 aperirem.
1364 1261 1414 1334 At
1450 1284 1534 1360 pace
1566 1261 1698 1347 vestrl,
1730 1261 1775 1335 A.
1802 1255 1848 1337 A.
1872 1261 1920 1337 H.
1947 1261 2006 1335 H!
2043 1259 2223 1357 rerutque

716 1379 826 1453 fretus
861 1375 1078 1480 indulgentit
1111 1386 1147 1452 et
1181 1379 1346 1455 audiendi
1379 1379 1553 1456 facilitate.
1602 1378 1757 1469 Etenim,
1793 1381 1822 1454 si
1857 1380 2007 1456 facunde
2041 1385 2076 1452 et
2104 1387 2223 1452 ornate

716 1497 825 1571 immo
860 1499 939 1596 plus
980 1523 1086 1596 quom
1116 1498 1333 1572 mediocriter
1367 1499 1478 1574 dicere
1515 1524 1625 1598 aeque
1658 1499 1908 1598 postularetur,
1942 1499 2095 1600 profecto
2130 1497 2224 1572 hunc

721 1625 927 1716 suggestum
952 1617 1206 1694 conscendendi
1228 1618 1364 1693 animus
1387 1619 1488 1718 plane
1511 1619 1598 1693 mihi
1622 1618 1797 1695 defuisset.

1331 1881 1596 1904 an-——d--un

770 2095 907 2172 Quodsi
937 2098 980 2171 de
1012 2097 1117 2196 hujus
1148 2098 1223 2172 aevi
1250 2098 1491 2196 plerorumque
1512 2097 1838 2174 Mathematicorum
1859 2099 1984 2174 studiis
2007 2104 2042 2172 et
2065 2098 2227 2197 pervesti-

721 2213 918 2310 gationibus
940 2217 989 2290 ita
1010 2217 1222 2305 existimem,
1247 2226 1288 2292 ut
1309 2219 1354 2292 ad
1375 2243 1531 2294 normam
1551 2219 1667 2307 illam,
1693 2243 1799 2318 quam
1819 2220 1907 2294 ratio
1923 2225 2040 2294 nostra
2058 2217 2228 2316 postidet,

720 2357 879 2432 quaeque
909 2336 953 2409 od
980 2333 1173 2410 evidentem
1197 2344 1394 2436 certamque
1417 2347 1452 2412 et
1477 2338 1671 2413 absolutam
1692 2363 1808 2412 rerum
1832 2361 2084 2435 causarumque
2112 2336 2228 2435 cogni·

721 2452 852 2526 tionem
886 2453 999 2542 ducit,
1034 2456 1152 2529 minus
1190 2457 1367 2532 attendere
1400 2457 1598 2546 videantur,
1630 2465 1782 2532 attamen
1808 2457 1873 2530 hoc
1895 2455 2037 2531 minime
2057 2455 2108 2529 ita
2127 2455 2226 2528 intel·

720 2570 851 2646 lectum
884 2575 1005 2662 velim,
1051 2575 1151 2673 quasi
1186 2599 1265 2650 vero
1300 2601 1477 2652 summum
1512 2578 1601 2652 illud
1639 2578 1817 2676 adtingere
1855 2601 1925 2650 non
1958 2581 2132 2676 optarent,
2168 2581 2229 2648 aut

719 2713 860 2787 prorsus
899 2693 965 2766 sibi
999 2719 1068 2768 non
1100 2705 1340 2794 proponerent
1400 2699 1500 2797 Ipsos
1534 2689 1653 2773 autem
1678 2721 1791 2772 veram
1814 2695 1909 2770 illam
1933 2695 2159 2781 Methodum,
2183 2693 2241 2768 ad'

720 2808 863 2884 rationis
901 2813 1071 2912 principia
1109 2815 1326 2914 cogitandive
1361 2824 1397 2892 et
1431 2817 1660 2918 cognoscendi
1691 2817 1786 2916 leges
1823 2823 1996 2904 exactam,
2032 2839 2103 2890 nou
2139 2817 2230 2886 recte

720 2930 838 3025 sequi,
874 2931 1061 3028 minusque
1091 2935 1197 3028 quam
1228 2941 1362 3029 oportet
1391 2937 1554 3010 adhibere
1588 2945 1624 3010 et
1647 2937 1851 3032 plerumque
1882 2935 2075 3029 negligere,
2101 2927 2232 3030 opinari

718 3042 808 3116 licet.
872 3043 1017 3141 Saepius
1051 3045 1159 3142 igitur
1189 3047 1403 3120 desideretur
1436 3059 1550 3122 certus
1579 3051 1636 3122 ille
1666 3050 1851 3146 justusque
1890 3057 1926 3121 et
1960 3055 2121 3122 constans
2155 3072 2232 3144 per·

568 3229 570 3234 .
720 3159 894 3234 tractandi
917 3168 952 3232 et
977 3161 1208 3258 investigandi
1229 3163 1354 3236 modus
1374 3165 1525 3261 optimus
1546 3166 1699 3263 ordoque
1719 3164 1948 3251 rectissimus,
1974 3162 2233 3262 systematicum
2345 3165 2350 3172 ’

726 3300 832 3375 quem
855 3284 997 3366 vocant,
1023 3278 1084 3352 sed
1106 3280 1273 3353 naturalis
1296 3281 1355 3355 illc
1379 3289 1415 3356 et
1441 3284 1671 3372 necessarius,
1695 3283 1951 3382 contemplandi
1973 3279 2234 3379 indagandique

726 3395 911 3470 methodus
936 3396 1047 3496 logica
1072 3397 1242 3487 existens,
1267 3403 1336 3504 qut
1359 3402 1501 3500 quidem
1520 3403 1566 3476 ad
1586 3403 1844 3502 disciplinarum
1865 3401 2034 3500 partium,
2058 3398 2230 3472 omnium·

725 3539 794 3614 que
817 3539 935 3589 eorum
954 3539 1043 3613 quac
1058 3515 1215 3614 partibus
1232 3517 1371 3606 insunt,
1395 3543 1508 3594 veram
1531 3519 1683 3595 indolem
1703 3519 2022 3616 conditionemque,
2046 3540 2231 3590 numerum

723 3659 842 3733 porro,
860 3633 1138 3724 collocationem,
1158 3635 1397 3735 cognationem
1413 3638 1656 3738 propriamque
1675 3637 1968 3713 continuationem
1984 3643 2020 3710 et
2037 3634 2230 3722 vinculum,

727 3753 878 3851 denique
899 3753 945 3827 ad
969 3753 1205 3829 similitudinis
1224 3763 1260 3829 et
1278 3757 1498 3832 connexionis
1516 3759 1771 3856 perceptionem
1790 3757 1928 3832 assidue
1947 3757 1997 3831 ita
2016 3757 2229 3842 attendatur,

725 3881 767 3946 ut
804 3897 939 3971 semper
968 3896 1043 3946 eam
1080 3873 1204 3948 ducem
1235 3874 1425 3951 habeamus
1456 3877 1557 3976 eique
1582 3877 1804 3965 obediamus,
1838 3901 1918 3950 cum
1945 3875 2090 3974 vestigia
2113 3897 2231 3974 regere

726 3991 855 4080 valeat,
882 3997 917 4065 et
941 3991 1094 4090 singulas
1119 4001 1155 4067 et
1176 4017 1294 4070 omnes
1315 4002 1484 4092 monstret
1505 3996 1593 4084 vias,
1618 3995 1747 4096 quibus
1771 4021 1831 4083 ea,
1856 4020 1944 4094 quoe
1967 3995 2082 4094 detegi
2099 3993 2231 4093 possint

726 4118 763 4185 et
786 4097 974 4210 explorari,
999 4118 1091 4186 certo
1113 4112 1332 4190 inveniantur
1353 4095 1603 4215 cognoscentur
1625 4116 1834 4215 penitusque
1857 4114 2117 4214 perspiciantur.

773 4231 825 4306 At
850 4237 932 4304 suut
961 4229 1105 4305 fortasse
1131 4233 1193 4331 qui
1219 4235 1351 4324 dicunt,
1379 4243 1512 4310 tantam
1536 4235 1678 4334 quidem
1702 4260 1777 4310 esse
1799 4235 1931 4334 ingenii
1955 4234 2099 4308 humani
2121 4231 2228 4306 imbe-

724 4349 901 4425 cillitatem
938 4357 974 4424 et
1004 4343 1260 4442 infirmitatem,
1297 4362 1338 4429 ut
1375 4355 1420 4430 ab
1450 4355 1546 4430 omni
1580 4381 1691 4430 errore
1726 4362 1844 4430 tutum
1880 4379 1956 4429 esse
1984 4359 2151 4452 nequeat;
2181 4391 2230 4406 -

725 4469 871 4544 eandem
909 4493 1003 4557 esse,
1040 4493 1129 4568 quae
1162 4495 1297 4571 semper
1329 4472 1414 4560 suit,
1449 4473 1576 4548 mentis
1607 4471 1783 4573 animique
1806 4474 1851 4548 ad
1879 4497 2007 4548 errores
2032 4470 2231 4572 propensio·

724 4612 823 4676 nem;
842 4630 892 4643 —
914 4588 1035 4663 eadem
1053 4613 1203 4688 namque
1221 4590 1468 4690 intelligentiae
1484 4590 1749 4690 impedimenta,
1772 4589 1911 4664 eosdem
1929 4589 2058 4688 quippe
2078 4611 2230 4663 errorum

723 4707 845 4783 sontes.
896 4707 990 4808 Ergo
1025 4709 1192 4785 minorem
1224 4735 1293 4785 non
1326 4735 1401 4784 esse
1424 4708 1653 4810 cognoscendi
1679 4717 1839 4808 recteque
1865 4708 2096 4808 investigandi
2113 4706 2229 4808 ‘negli-

596 4879 600 4886 -
725 4827 898 4923 gentiam,
928 4827 1044 4928 quta
1072 4817 1213 4907 rationis
1237 4829 1375 4931 legibus
1396 4830 1655 4932 praeceptisque
1676 4829 1896 4906 observandis
1920 4835 2087 4928 perpetuo
2112 4849 2230 4902 avoca·
