4986 6200
745 623 789 688 58
1203 639 1207 644 ·
1323 619 1361 686 G.
1396 620 1425 684 J.
1460 617 1682 687 vaauen

748 827 793 902 ab
817 826 1013 927 81888811
1037 825 1179 903 unitatis
1198 825 1410 925 cognitione,
1435 850 1524 924 quac
1546 821 1899 922 81811881188188118
1921 824 2117 924 cognitione
2139 825 2255 902 minus

747 946 933 1046 minusque
959 947 1083 1036 distat,
1108 971 1282 1046 quemque
1306 951 1348 1020 ut
1371 952 1488 1020 mente
1511 944 1779 1044 complectamur
1799 950 1835 1018 et
1858 941 2047 1020 habeamus
2071 945 2167 1018 omni
2190 971 2256 1046 ope

747 1066 812 1138 niti
836 1065 1014 1140 debemus.

794 1185 930 1262 Quodsi
953 1185 1120 1284 exemplis
1147 1184 1390 1284 comprobare,
1415 1209 1504 1282 quae
1533 1181 1743 1281 significavi,
1768 1181 2019 1280 postularetur,
2046 1183 2158 1257 multa
2184 1185 2257 1282 qni·

745 1304 826 1378 dem
861 1305 897 1378 in
930 1313 1095 1403 promptu
1129 1303 1259 1391 lcrent,
1299 1303 1369 1378 sive
1402 1303 1623 1378 adtendimus
1658 1301 1704 1376 ad
1737 1299 1925 1390 rationem,
1958 1301 2029 1400 quta
2054 1303 2256 1402 praecipuae

746 1421 1005 1520 disciplinarum
1033 1422 1353 1498 mathematicorum
1385 1429 1500 1522 partes
1524 1427 1749 1521 pertractatae
1780 1426 1882 1508 sunt,
1908 1419 1980 1494 sive
2000 1421 2047 1494 ad
2070 1423 2258 1497 earundem

743 1566 990 1641 progressuum
1026 1541 1203 1619 historiam
1233 1542 1463 1642 confugimus.
1514 1543 1614 1620 Quae
1638 1565 1718 1614 cum
1739 1539 2025 1629 consideramus,
2050 1541 2170 1640 procul
2194 1543 2257 1616 dn·

744 1661 803 1736 bic
835 1659 1031 1736 existimare
1069 1686 1275 1760 possumus,
1309 1663 1438 1737 dictem
1471 1661 1576 1760 hujus
1606 1659 1671 1734 loci
1703 1659 1820 1732 minus
1849 1667 2004 1734 exactam
2030 1667 2092 1734 ant
2117 1685 2257 1758 pravam

743 1779 1025 1853 constitutionem
1054 1781 1181 1879 partim
1216 1783 1358 1880 quidem
1392 1806 1463 1855 non
1491 1780 1669 1868 nocuisse,
1694 1777 1860 1877 majorem
1881 1785 2015 1876 8811818
2038 1787 2157 1854 881818
2179 1807 2255 1880 gra-

744 1899 961 1972 vissimorum
998 1923 1151 1974 errorum
1182 1901 1315 1976 iontem
1345 1902 1535 1988 exstitisse3
1558 1942 1606 1958 -
1631 1923 1675 1972 ex
1705 1897 1867 1972 omnibus
1892 1899 1978 1972 11881
2000 1899 2255 1976 evidentissime

465 2093 469 2100 ,
603 2067 605 2070 -
743 2025 883 2114 881818,
917 2017 1037 2092 normal
1064 2015 1282 2117 systematici
1309 2021 1447 2096 assidue
1469 2047 1508 2096 88
1539 2017 1753 2094 uniformiter
1775 2017 1898 2090 utendi
1917 2017 2165 2118 negligentiam
2189 2019 2257 2116 pri·

743 2138 888 2211 mariam
917 2139 1073 2212 omnium
1095 2141 1255 2215 vitiorum
1280 2165 1503 2239 errorumque
1528 2163 1669 2214 causam
1695 2161 1770 2211 8888
1795 2136 2004 2211 habendam,
2061 2137 2109 2212 ut
2141 2138 2258 2213 mirari

612 2263 614 2268 '
744 2256 898 2354 81818818
929 2257 1116 2346 debemus,
1151 2261 1246 2358 quod
1272 2259 1331 2334 illa
1357 2260 1459 2348 vitia,
1493 2260 1536 2333 dc
1568 2257 1696 2357 quibus
1723 2256 1877 2354 primum
1900 2255 2041 2343 monui,
2064 2263 2139 2330 tam
2160 2256 2259 2332 188118

742 2374 959 2473 irrepserint,
994 2385 1136 2476 tamque
1170 2381 1232 2454 diu
1270 2381 1370 2478 quasi
1413 2380 1524 2455 invisa
1555 2386 1591 2452 81
1622 2377 1756 2452 occulta
1788 2375 1998 2463 manserint,
2029 2399 2112 2448 curn
2144 2383 2259 2450 tamen

742 2493 859 2568 abdito
897 2519 967 2569 non
1003 2497 1175 2573 latuerint.
1235 2500 1291 2574 De
1329 2500 1404 2574 aliis
1443 2499 1556 2598 magis
1597 2495 1805 2584 reconditis,
1844 2502 1880 2568 et
1917 2492 2089 2568 subtiliori
2128 2493 2262 2592 ingenii

647 2635 650 2642 ’
743 2614 902 2688 acumine
932 2640 1041 2713 paene
1066 2619 1268 2708 cernendis,
1292 2618 1422 2718 pariter
1452 2619 1582 2692 censeri
1604 2642 1674 2691 non
1698 2621 1824 2715 potest.
1871 2613 1931 2688 Ad
1953 2613 2038 2688 haee
2061 2612 2123 2687 viri
2137 2613 2258 2699 docti,

653 2785 659 2796 .
740 2733 778 2806 in
811 2733 986 2809 doctrinae
1019 2736 1281 2812 mathematicae
1312 2738 1428 2812 studio
1459 2736 1692 2824 celeberrimi,
1718 2735 1874 2809 animum
1897 2733 2074 2808 interdum
2100 2732 2255 2806 attende-

740 2859 842 2940 11181;
860 2899 910 2918 -
934 2855 978 2928 de
996 2854 1051 2928 his
1072 2856 1181 2954 igitur
1203 2857 1403 2932 dubitatum
1423 2866 1494 2946 est,
1514 2903 1565 2919 -
1585 2856 1765 2953 multaque
1786 2853 1918 2928 diutins
1937 2853 1973 2926 in
1994 2850 2263 2926 controversiam

742 2969 893 3043 adducta
924 2977 1027 3056 sunt,
1059 2972 1124 3044 hoc
1153 2975 1296 3068 quidem
1322 2975 1458 3069 saepius
1483 2974 1698 3070 optatissimo
1722 2977 1868 3056 eventu,
1894 2976 1953 3056 ut,
1978 2995 2015 3042 re
2042 2971 2119 3066 ipah
2142 2977 2263 3044 exacte

741 3085 926 3184 perpensat,
962 3107 1043 3156 cum
1071 3109 1191 3158 verum
1221 3085 1421 3184 prosilierit,
1446 3089 1603 3185 protinus
1635 3096 1671 3161 81
1694 3087 1781 3160 aliae
1806 3093 1972 3183 cognatae
1998 3085 2265 3182 disciplinarum

740 3205 856 3298 881188
894 3198 1159 3274 emendarentur
1191 3211 1227 3274 81
1257 3201 1396 3275 81811818
1430 3203 1506 3276 11188
1543 3203 1854 3291 circumdarentur,
1892 3202 2111 3300 quinetiam
2143 3227 2187 3276 ex
2220 3228 2265 3276 eo

740 3317 844 3407 1811118Ι
869 3315 1061 3416 patefactae
1083 3325 1118 3392 81
1140 3319 1322 3419 insigniter
1344 3321 1505 3396 dilatatae
1528 3322 1608 3397 8181.
1656 3323 1750 3420 Ergo
1770 3345 1814 3394 ex
1834 3327 1945 3396 811818
1967 3345 2087 3394 verum
2106 3321 2260 3418 prodiit,

742 3435 916 3536 simulque
954 3444 1047 3511 recta
1088 3438 1321 3538 investigandi
1366 3441 1420 3516 via
1459 3441 1627 3540 apparuit.
1687 3441 1753 3514 Vel
1791 3443 1917 3529 8118111,
1952 3442 2088 3540 quotics
2128 3443 2176 3516 sic
2214 3444 2262 3516 ad

741 3580 862 3630 verum
880 3556 1167 3655 perveniebatur,
1193 3558 1295 3632 toties
1317 3559 1360 3634 de
1376 3559 1514 3657 justiori
1530 3559 1762 3658 pertractandi
1779 3567 1816 3633 et
1833 3559 2089 3658 pervestigandi
2108 3559 2259 3647 ratione,

743 3673 856 3771 deque
897 3675 1087 3774 praeceptis
1135 3685 1302 3775 perpetuo
1347 3679 1506 3753 tenendis
1545 3685 1580 3752 et
1617 3679 1861 3766 observandis,
1899 3679 1999 3777 quasi
2039 3678 2256 3754 monebatur.

745 3791 887 3890 0811188
912 3798 1065 3868 81181888
1090 3797 1262 3895 Magistra
1284 3797 1412 3872 frustra
1436 3822 1681 3896 saepenumero
1705 3794 1833 3872 docuit.

793 3913 853 3988 Ad
887 3915 1085 4012 argumenti
1119 3925 1271 4016 partem,
1312 3943 1417 4016 quarn
1450 3918 1561 3992 11181118
1598 3916 1780 4014 explicavi,
1823 3915 1911 3989 illud
1945 3917 2050 3990 etiam
2086 3916 2256 4015 pertinet,

745 4032 839 4129 quod
874 4039 1005 4132 spectat
1036 4034 1081 4108 ad
1110 4037 1297 4136 principio,
1328 4037 1366 4112 id
1396 4045 1449 4112 881
1475 4037 1520 4111 ad
1543 4037 1768 4111 fundamenta
1792 4034 2043 4122 doctrinarum,
2069 4060 2158 4132 quae
2185 4035 2254 4107 dis-

745 4141 950 4249 ciplinarum
986 4153 1308 4231 mathematicorum
1340 4167 1454 4256 partes
1487 4157 1723 4242 constituunt,
1763 4154 1988 4228 discernenda
2025 4153 2182 4252 eligenda
2219 4161 2256 4226 et

745 4269 959 4346 stabilienda.
1009 4273 1074 4346 Est
1097 4273 1180 4348 haec
1200 4300 1255 4350 res
1278 4279 1407 4350 summi
1431 4277 1616 4364 momenti,
1642 4284 1678 4350 81
1699 4275 1808 4349 ardua
1829 4281 1864 4348 et
1885 4273 1981 4348 haud
2000 4295 2076 4347 raro
2108 4273 2254 4346 difficul-

743 4396 857 4464 tatum
881 4389 1007 4488 plena‚
1040 4391 1077 4464 in
1110 4393 1179 4490 que
1202 4395 1292 4470 benc
1321 4397 1498 4473 1188188811
1520 4405 1555 4470 81
1577 4402 1668 4470 18818
1691 4393 1931 4468 constituenda
1956 4379 2107 4467 multum
2131 4417 2254 4490 operae

669 4543 671 4548 ¹
743 4518 778 4582 et
815 4510 923 4584 studii
964 4523 1229 4589 consumserunt
1269 4515 1458 4590 doctissimi
1492 4515 1621 4613 quique
1656 4523 1691 4588 81
1726 4511 1984 4611 perspicacitate
2019 4509 2262 4598 celeberrimi„

744 4630 932 4729 eademque
966 4631 1020 4706 vel
1055 4634 1283 4733 sagacissimis
1318 4635 1454 4732 saepius
1486 4634 1617 4708 exstitit
1645 4629 1987 4732 881888118,1881111
2009 4629 2140 4728 ingenii
2165 4630 2254 4720 vires

745 4758 939 4824 exercerent
957 4758 992 4825 81
1009 4753 1291 4850 periclitarentur.
1342 4757 1560 4852 Quapropter
1577 4778 1690 4850 neque
1708 4751 1795 4825 illud
1813 4758 1865 4825 cst
1884 4749 2098 4836 mirandum,
2121 4735 2251 4834 1811118,
