<?xml version="1.0" encoding="UTF-8"?>
<!DOCTYPE html PUBLIC "-//W3C//DTD XHTML 1.0 Transitional//EN"
    "http://www.w3.org/TR/xhtml1/DTD/xhtml1-transitional.dtd">
<html xmlns="http://www.w3.org/1999/xhtml" xml:lang="en" lang="en">
 <head>
  <title>
</title>
<meta http-equiv="Content-Type" content="text/html;charset=utf-8" />
  <meta name='ocr-system' content='tesseract 3.04.00' />
  <meta name='ocr-capabilities' content='ocr_page ocr_carea ocr_par ocr_line ocrx_word'/>
</head>
<body>
  <div class='ocr_page' id='page_1' title='image "annalesacademic02unkngoog_0018.png"; bbox 0 0 4986 6200; ppageno 0'>
   <div class='ocr_carea' id='block_1_1' title="bbox 522 1495 1412 1570">
    <p class='ocr_par' dir='ltr' id='par_1_1' title="bbox 522 1495 1412 1570">
     <span class='ocr_line' id='line_1_1' title="bbox 522 1495 1412 1570; baseline -0.001 -12"><span class='ocrx_word' id='word_1_1' title='bbox 522 1497 744 1558; x_wconf 78' lang='lat' dir='ltr'><strong>AUDITORIlS</strong></span> <span class='ocrx_word' id='word_1_2' title='bbox 766 1496 1074 1570; x_wconf 77' lang='lat' dir='ltr'><strong>arnovnvrssnul,</strong></span> <span class='ocrx_word' id='word_1_3' title='bbox 1097 1495 1412 1558; x_wconf 73' lang='lat' dir='ltr'><strong>nxor‘rnrlssrnssr</strong></span> 
     </span>
    </p>
   </div>
   <div class='ocr_carea' id='block_1_2' title="bbox 252 1991 1896 4874">
    <p class='ocr_par' dir='ltr' id='par_1_2' title="bbox 252 1991 1896 4874">
     <span class='ocr_line' id='line_1_2' title="bbox 402 1991 1795 2122; baseline 0.001 -28"><span class='ocrx_word' id='word_1_4' title='bbox 402 1991 652 2098; x_wconf 73' lang='lat' dir='ltr'><strong>Consideranti</strong></span> <span class='ocrx_word' id='word_1_5' title='bbox 679 2023 764 2096; x_wconf 91' lang='lat' dir='ltr'><strong>mihi</strong></span> <span class='ocrx_word' id='word_1_6' title='bbox 794 2049 1039 2122; x_wconf 81' lang='lat' dir='ltr'><strong>saepenumero</strong></span> <span class='ocrx_word' id='word_1_7' title='bbox 1067 2047 1193 2122; x_wconf 87' lang='lat' dir='ltr'><strong>magna</strong></span> <span class='ocrx_word' id='word_1_8' title='bbox 1219 2033 1254 2096; x_wconf 89' lang='lat' dir='ltr'><strong>ct</strong></span> <span class='ocrx_word' id='word_1_9' title='bbox 1279 2023 1421 2108; x_wconf 83' lang='lat' dir='ltr'><strong>eximia,</strong></span> <span class='ocrx_word' id='word_1_10' title='bbox 1448 2021 1511 2095; x_wconf 76' lang='lat' dir='ltr'><strong>nto</strong></span> <span class='ocrx_word' id='word_1_11' title='bbox 1538 2031 1668 2110; x_wconf 87' lang='lat' dir='ltr'><strong>aetate,</strong></span> <span class='ocrx_word' id='word_1_12' title='bbox 1695 2022 1795 2098; x_wconf 89' lang='lat' dir='ltr'><strong>disci·</strong></span> 
     </span>
     <span class='ocr_line' id='line_1_3' title="bbox 280 2131 1797 2240; baseline 0.001 -24"><span class='ocrx_word' id='word_1_13' title='bbox 280 2143 452 2240; x_wconf 85' lang='lat' dir='ltr'><strong>plinarum</strong></span> <span class='ocrx_word' id='word_1_14' title='bbox 480 2143 814 2217; x_wconf 88' lang='lat' dir='ltr'><strong>Mathematicarum-</strong></span> <span class='ocrx_word' id='word_1_15' title='bbox 841 2131 1069 2231; x_wconf 82' lang='lat' dir='ltr'><strong>incrementa,</strong></span> <span class='ocrx_word' id='word_1_16' title='bbox 1094 2187 1141 2200; x_wconf 91' lang='lat'><em>-</em></span> <span class='ocrx_word' id='word_1_17' title='bbox 1166 2144 1211 2218; x_wconf 89' lang='lat' dir='ltr'><strong>ad</strong></span> <span class='ocrx_word' id='word_1_18' title='bbox 1244 2143 1367 2216; x_wconf 90' lang='lat' dir='ltr'><strong>horum</strong></span> <span class='ocrx_word' id='word_1_19' title='bbox 1393 2140 1560 2214; x_wconf 87' lang='lat' dir='ltr'><strong>rationem</strong></span> <span class='ocrx_word' id='word_1_20' title='bbox 1586 2151 1620 2214; x_wconf 89' lang='lat' dir='ltr'><strong>et</strong></span> <span class='ocrx_word' id='word_1_21' title='bbox 1645 2143 1797 2218; x_wconf 88' lang='lat' dir='ltr'><strong>indolem</strong></span> 
     </span>
     <span class='ocr_line' id='line_1_4' title="bbox 281 2261 1797 2362; baseline 0.001 -26"><span class='ocrx_word' id='word_1_22' title='bbox 281 2263 480 2362; x_wconf 89' lang='lat' dir='ltr'><strong>diligentins</strong></span> <span class='ocrx_word' id='word_1_23' title='bbox 510 2263 721 2350; x_wconf 87' lang='lat' dir='ltr'><strong>attendenti,</strong></span> <span class='ocrx_word' id='word_1_24' title='bbox 744 2304 793 2321; x_wconf 91' lang='lat'>-</span> <span class='ocrx_word' id='word_1_25' title='bbox 819 2263 1056 2338; x_wconf 81' lang='lat' dir='ltr'><strong>admirabilem</strong></span> <span class='ocrx_word' id='word_1_26' title='bbox 1082 2288 1182 2362; x_wconf 90' lang='lat' dir='ltr'><strong>porro</strong></span> <span class='ocrx_word' id='word_1_27' title='bbox 1212 2261 1503 2362; x_wconf 83' lang='lat' dir='ltr'><strong>progressionem,</strong></span> <span class='ocrx_word' id='word_1_28' title='bbox 1530 2270 1565 2334; x_wconf 88' lang='lat' dir='ltr'><strong>at</strong></span> <span class='ocrx_word' id='word_1_29' title='bbox 1589 2287 1668 2335; x_wconf 90' lang='lat' dir='ltr'><strong>vero</strong></span> <span class='ocrx_word' id='word_1_30' title='bbox 1692 2263 1797 2338; x_wconf 85' lang='lat' dir='ltr'><strong>etiam</strong></span> 
     </span>
     <span class='ocr_line' id='line_1_5' title="bbox 281 2382 1798 2482; baseline 0.001 -26"><span class='ocrx_word' id='word_1_31' title='bbox 281 2384 521 2482; x_wconf 87' lang='lat' dir='ltr'><strong>progrediendi</strong></span> <span class='ocrx_word' id='word_1_32' title='bbox 564 2391 599 2457; x_wconf 91' lang='lat' dir='ltr'><strong>et</strong></span> <span class='ocrx_word' id='word_1_33' title='bbox 638 2407 748 2480; x_wconf 89' lang='lat' dir='ltr'><strong>usque</strong></span> <span class='ocrx_word' id='word_1_34' title='bbox 781 2384 986 2482; x_wconf 89' lang='lat' dir='ltr'><strong>properandi</strong></span> <span class='ocrx_word' id='word_1_35' title='bbox 1020 2407 1197 2456; x_wconf 88' lang='lat' dir='ltr'><strong>summum</strong></span> <span class='ocrx_word' id='word_1_36' title='bbox 1236 2382 1389 2455; x_wconf 92' lang='lat' dir='ltr'><strong>studium</strong></span> <span class='ocrx_word' id='word_1_37' title='bbox 1425 2383 1621 2478; x_wconf 83' lang='lat' dir='ltr'><strong>spectanti,</strong></span> <span class='ocrx_word' id='word_1_38' title='bbox 1650 2425 1699 2442; x_wconf 89' lang='grc'><strong>--</strong></span> <span class='ocrx_word' id='word_1_39' title='bbox 1734 2385 1798 2457; x_wconf 88' lang='lat' dir='ltr'><strong>etsi</strong></span> 
     </span>
     <span class='ocr_line' id='line_1_6' title="bbox 281 2502 1800 2603; baseline 0 -27"><span class='ocrx_word' id='word_1_40' title='bbox 281 2504 538 2601; x_wconf 80' lang='lat' dir='ltr'><strong>quamplurium</strong></span> <span class='ocrx_word' id='word_1_41' title='bbox 556 2503 899 2592; x_wconf 85' lang='lat' dir='ltr'><strong>llothematicorum,</strong></span> <span class='ocrx_word' id='word_1_42' title='bbox 925 2503 1064 2603; x_wconf 90' lang='lat' dir='ltr'><strong>ingenio</strong></span> <span class='ocrx_word' id='word_1_43' title='bbox 1082 2502 1473 2600; x_wconf 81' lang='lat' dir='ltr'><strong>praestantissimorum,</strong></span> <span class='ocrx_word' id='word_1_44' title='bbox 1501 2525 1664 2600; x_wconf 84' lang='lat' dir='ltr'><strong>magnam</strong></span> <span class='ocrx_word' id='word_1_45' title='bbox 1686 2504 1800 2602; x_wconf 54' lang='lat' dir='ltr'><strong>auspi?</strong></span> 
     </span>
     <span class='ocr_line' id='line_1_7' title="bbox 279 2619 1797 2722; baseline -0.001 -26"><span class='ocrx_word' id='word_1_46' title='bbox 279 2648 392 2696; x_wconf 85' lang='lat' dir='ltr'><strong>cerem</strong></span> <span class='ocrx_word' id='word_1_47' title='bbox 413 2623 638 2710; x_wconf 83' lang='lat' dir='ltr'><strong>industriam,</strong></span> <span class='ocrx_word' id='word_1_48' title='bbox 660 2647 730 2720; x_wconf 83' lang='lat' dir='ltr'><strong>qna</strong></span> <span class='ocrx_word' id='word_1_49' title='bbox 749 2623 787 2696; x_wconf 94' lang='lat' dir='ltr'><strong>id</strong></span> <span class='ocrx_word' id='word_1_50' title='bbox 807 2649 864 2697; x_wconf 92' lang='lat' dir='ltr'><strong>eos</strong></span> <span class='ocrx_word' id='word_1_51' title='bbox 884 2623 1053 2722; x_wconf 86' lang='lat' dir='ltr'><strong>imprimis</strong></span> <span class='ocrx_word' id='word_1_52' title='bbox 1070 2645 1208 2718; x_wconf 88' lang='lat' dir='ltr'><strong>operam</strong></span> <span class='ocrx_word' id='word_1_53' title='bbox 1226 2621 1327 2707; x_wconf 90' lang='lat' dir='ltr'><strong>dare,</strong></span> <span class='ocrx_word' id='word_1_54' title='bbox 1348 2627 1384 2693; x_wconf 89' lang='lat' dir='ltr'><strong>ot</strong></span> <span class='ocrx_word' id='word_1_55' title='bbox 1402 2620 1438 2692; x_wconf 93' lang='lat' dir='ltr'><strong>in</strong></span> <span class='ocrx_word' id='word_1_56' title='bbox 1457 2619 1521 2694; x_wconf 91' lang='lat' dir='ltr'><strong>hoc</strong></span> <span class='ocrx_word' id='word_1_57' title='bbox 1540 2646 1610 2695; x_wconf 92' lang='lat' dir='ltr'><strong>uno</strong></span> <span class='ocrx_word' id='word_1_58' title='bbox 1625 2621 1797 2697; x_wconf 89' lang='lat' dir='ltr'><strong>elaborare</strong></span> 
     </span>
     <span class='ocr_line' id='line_1_8' title="bbox 280 2739 1797 2841; baseline 0 -26"><span class='ocrx_word' id='word_1_59' title='bbox 280 2750 440 2841; x_wconf 86' lang='lat' dir='ltr'><strong>apparet,</strong></span> <span class='ocrx_word' id='word_1_60' title='bbox 467 2750 507 2815; x_wconf 89' lang='lat' dir='ltr'><strong>ut</strong></span> <span class='ocrx_word' id='word_1_61' title='bbox 531 2742 747 2840; x_wconf 90' lang='lat' dir='ltr'><strong>disciplinas,</strong></span> <span class='ocrx_word' id='word_1_62' title='bbox 772 2742 809 2814; x_wconf 91' lang='lat' dir='ltr'><strong>in</strong></span> <span class='ocrx_word' id='word_1_63' title='bbox 834 2743 962 2840; x_wconf 92' lang='lat' dir='ltr'><strong>quibus</strong></span> <span class='ocrx_word' id='word_1_64' title='bbox 989 2740 1165 2826; x_wconf 84' lang='lat' dir='ltr'><strong>habitant,</strong></span> <span class='ocrx_word' id='word_1_65' title='bbox 1191 2739 1388 2835; x_wconf 87' lang='lat' dir='ltr'><strong>perficiant,</strong></span> <span class='ocrx_word' id='word_1_66' title='bbox 1414 2765 1602 2836; x_wconf 86' lang='lat' dir='ltr'><strong>carumque</strong></span> <span class='ocrx_word' id='word_1_67' title='bbox 1625 2741 1797 2815; x_wconf 87' lang='lat' dir='ltr'><strong>ambitum</strong></span> 
     </span>
     <span class='ocr_line' id='line_1_9' title="bbox 281 2856 1798 2959; baseline 0.001 -25"><span class='ocrx_word' id='word_1_68' title='bbox 281 2863 510 2959; x_wconf 86' lang='lat' dir='ltr'><strong>amplificent,</strong></span> <span class='ocrx_word' id='word_1_69' title='bbox 547 2905 598 2920; x_wconf 90' lang='lat'><em>-</em></span> <span class='ocrx_word' id='word_1_70' title='bbox 632 2869 783 2932; x_wconf 84' lang='lat' dir='ltr'><strong>attamen</strong></span> <span class='ocrx_word' id='word_1_71' title='bbox 826 2861 861 2931; x_wconf 91' lang='lat' dir='ltr'><strong>in</strong></span> <span class='ocrx_word' id='word_1_72' title='bbox 898 2857 1017 2930; x_wconf 89' lang='lat' dir='ltr'><strong>multis</strong></span> <span class='ocrx_word' id='word_1_73' title='bbox 1054 2857 1242 2929; x_wconf 89' lang='lat' dir='ltr'><strong>multorum</strong></span> <span class='ocrx_word' id='word_1_74' title='bbox 1278 2856 1625 2954; x_wconf 88' lang='lat' dir='ltr'><strong>pervestigationibus</strong></span> <span class='ocrx_word' id='word_1_75' title='bbox 1666 2860 1798 2958; x_wconf 86' lang='lat' dir='ltr'><strong>aliquid</strong></span> 
     </span>
     <span class='ocr_line' id='line_1_10' title="bbox 281 2967 1800 3074; baseline 0.001 -23"><span class='ocrx_word' id='word_1_76' title='bbox 281 2981 398 3052; x_wconf 86' lang='lat' dir='ltr'><strong>minua</strong></span> <span class='ocrx_word' id='word_1_77' title='bbox 428 2980 517 3050; x_wconf 91' lang='lat' dir='ltr'><strong>bene</strong></span> <span class='ocrx_word' id='word_1_78' title='bbox 549 2977 698 3060; x_wconf 88' lang='lat' dir='ltr'><strong>lactum,</strong></span> <span class='ocrx_word' id='word_1_79' title='bbox 736 2999 805 3047; x_wconf 93' lang='lat' dir='ltr'><strong>uon</strong></span> <span class='ocrx_word' id='word_1_80' title='bbox 843 2977 926 3048; x_wconf 88' lang='lat' dir='ltr'><strong>satis</strong></span> <span class='ocrx_word' id='word_1_81' title='bbox 964 2967 1203 3060; x_wconf 86' lang='lat' dir='ltr'><strong>observatum,</strong></span> <span class='ocrx_word' id='word_1_82' title='bbox 1238 2973 1306 3046; x_wconf 90' lang='lat' dir='ltr'><strong>nisi</strong></span> <span class='ocrx_word' id='word_1_83' title='bbox 1341 2974 1457 3072; x_wconf 89' lang='lat' dir='ltr'><strong>potins</strong></span> <span class='ocrx_word' id='word_1_84' title='bbox 1495 2976 1692 3074; x_wconf 89' lang='lat' dir='ltr'><strong>neglectum</strong></span> <span class='ocrx_word' id='word_1_85' title='bbox 1726 3004 1800 3053; x_wconf 88' lang='lat' dir='ltr'><strong>esse</strong></span> 
     </span>
     <span class='ocr_line' id='line_1_11' title="bbox 282 3085 1798 3196; baseline 0.003 -28"><span class='ocrx_word' id='word_1_86' title='bbox 282 3099 392 3170; x_wconf 89' lang='lat' dir='ltr'><strong>visum</strong></span> <span class='ocrx_word' id='word_1_87' title='bbox 420 3105 482 3169; x_wconf 89' lang='lat' dir='ltr'><strong>cst.</strong></span> <span class='ocrx_word' id='word_1_88' title='bbox 512 3085 637 3168; x_wconf 83' lang='lat' dir='ltr'><strong>&#39;Subit</strong></span> <span class='ocrx_word' id='word_1_89' title='bbox 667 3118 817 3190; x_wconf 87' lang='lat' dir='ltr'><strong>namque</strong></span> <span class='ocrx_word' id='word_1_90' title='bbox 848 3093 1030 3192; x_wconf 78' lang='lat' dir='ltr'><strong>cogitatio,</strong></span> <span class='ocrx_word' id='word_1_91' title='bbox 1063 3093 1106 3166; x_wconf 90' lang='lat' dir='ltr'><strong>dc</strong></span> <span class='ocrx_word' id='word_1_92' title='bbox 1132 3117 1258 3192; x_wconf 89' lang='lat' dir='ltr'><strong>magno</strong></span> <span class='ocrx_word' id='word_1_93' title='bbox 1283 3117 1399 3166; x_wconf 87' lang='lat' dir='ltr'><strong>rerum</strong></span> <span class='ocrx_word' id='word_1_94' title='bbox 1420 3094 1600 3183; x_wconf 89' lang='lat' dir='ltr'><strong>thesauro,</strong></span> <span class='ocrx_word' id='word_1_95' title='bbox 1627 3122 1697 3194; x_wconf 90' lang='lat' dir='ltr'><strong>quo</strong></span> <span class='ocrx_word' id='word_1_96' title='bbox 1723 3100 1798 3196; x_wconf 91' lang='lat' dir='ltr'><strong>qui·</strong></span> 
     </span>
     <span class='ocr_line' id='line_1_12' title="bbox 282 3212 1801 3314; baseline 0.001 -23"><span class='ocrx_word' id='word_1_97' title='bbox 282 3218 362 3290; x_wconf 87' lang='lat' dir='ltr'><strong>dem</strong></span> <span class='ocrx_word' id='word_1_98' title='bbox 396 3215 537 3314; x_wconf 89' lang='lat' dir='ltr'><strong>largiter</strong></span> <span class='ocrx_word' id='word_1_99' title='bbox 570 3237 692 3287; x_wconf 88' lang='lat' dir='ltr'><strong>sumus</strong></span> <span class='ocrx_word' id='word_1_100' title='bbox 727 3213 941 3312; x_wconf 90' lang='lat' dir='ltr'><strong>locupletati,</strong></span> <span class='ocrx_word' id='word_1_101' title='bbox 977 3219 1067 3286; x_wconf 89' lang='lat' dir='ltr'><strong>recte</strong></span> <span class='ocrx_word' id='word_1_102' title='bbox 1105 3212 1361 3312; x_wconf 81' lang='lat' dir='ltr'><strong>prudenterque</strong></span> <span class='ocrx_word' id='word_1_103' title='bbox 1394 3214 1541 3304; x_wconf 72' lang='lat' dir='ltr'><strong>utendo,</strong></span> <span class='ocrx_word' id='word_1_104' title='bbox 1577 3224 1613 3290; x_wconf 92' lang='lat' dir='ltr'><strong>et</strong></span> <span class='ocrx_word' id='word_1_105' title='bbox 1645 3219 1801 3314; x_wconf 78' lang='lat' dir='ltr'><strong>quaestio</strong></span> 
     </span>
     <span class='ocr_line' id='line_1_13' title="bbox 284 3332 1800 3436; baseline 0.001 -26"><span class='ocrx_word' id='word_1_106' title='bbox 284 3337 410 3424; x_wconf 90' lang='lat' dir='ltr'><strong>oritur,</strong></span> <span class='ocrx_word' id='word_1_107' title='bbox 444 3359 529 3408; x_wconf 90' lang='lat' dir='ltr'><strong>num</strong></span> <span class='ocrx_word' id='word_1_108' title='bbox 563 3334 638 3432; x_wconf 89' lang='lat' dir='ltr'><strong>ipsa</strong></span> <span class='ocrx_word' id='word_1_109' title='bbox 666 3333 921 3432; x_wconf 85' lang='lat' dir='ltr'><strong>pervestigandi</strong></span> <span class='ocrx_word' id='word_1_110' title='bbox 948 3332 1231 3431; x_wconf 89' lang='lat' dir='ltr'><strong>inveniendique,</strong></span> <span class='ocrx_word' id='word_1_111' title='bbox 1257 3341 1318 3406; x_wconf 91' lang='lat' dir='ltr'><strong>ant</strong></span> <span class='ocrx_word' id='word_1_112' title='bbox 1339 3334 1569 3432; x_wconf 88' lang='lat' dir='ltr'><strong>pertractandi</strong></span> <span class='ocrx_word' id='word_1_113' title='bbox 1593 3344 1628 3409; x_wconf 92' lang='lat' dir='ltr'><strong>et</strong></span> <span class='ocrx_word' id='word_1_114' title='bbox 1653 3338 1800 3436; x_wconf 88' lang='lat' dir='ltr'><strong>amplifi·</strong></span> 
     </span>
     <span class='ocr_line' id='line_1_14' title="bbox 281 3453 1796 3552; baseline 0.001 -23"><span class='ocrx_word' id='word_1_115' title='bbox 281 3457 382 3529; x_wconf 91' lang='lat' dir='ltr'><strong>candi</strong></span> <span class='ocrx_word' id='word_1_116' title='bbox 411 3455 497 3528; x_wconf 88' lang='lat' dir='ltr'><strong>ratio</strong></span> <span class='ocrx_word' id='word_1_117' title='bbox 525 3454 569 3526; x_wconf 91' lang='lat' dir='ltr'><strong>sit</strong></span> <span class='ocrx_word' id='word_1_118' title='bbox 597 3454 691 3552; x_wconf 88' lang='lat' dir='ltr'><strong>justa</strong></span> <span class='ocrx_word' id='word_1_119' title='bbox 720 3455 888 3550; x_wconf 85' lang='lat' dir='ltr'><strong>firmaque</strong></span> <span class='ocrx_word' id='word_1_120' title='bbox 919 3461 954 3526; x_wconf 91' lang='lat' dir='ltr'><strong>et</strong></span> <span class='ocrx_word' id='word_1_121' title='bbox 985 3453 1136 3540; x_wconf 89' lang='lat' dir='ltr'><strong>stabilis,</strong></span> <span class='ocrx_word' id='word_1_122' title='bbox 1170 3478 1284 3550; x_wconf 91' lang='lat' dir='ltr'><strong>neque</strong></span> <span class='ocrx_word' id='word_1_123' title='bbox 1313 3453 1446 3528; x_wconf 89' lang='lat' dir='ltr'><strong>diversa</strong></span> <span class='ocrx_word' id='word_1_124' title='bbox 1474 3454 1518 3527; x_wconf 87' lang='lat' dir='ltr'><strong>ab</strong></span> <span class='ocrx_word' id='word_1_125' title='bbox 1546 3454 1604 3528; x_wconf 89' lang='lat' dir='ltr'><strong>illa</strong></span> <span class='ocrx_word' id='word_1_126' title='bbox 1628 3457 1796 3532; x_wconf 88' lang='lat' dir='ltr'><strong>Methodo</strong></span> 
     </span>
     <span class='ocr_line' id='line_1_15' title="bbox 283 3572 1798 3672; baseline 0.003 -26"><span class='ocrx_word' id='word_1_127' title='bbox 283 3583 405 3661; x_wconf 85' lang='lat' dir='ltr'><strong>certa,</strong></span> <span class='ocrx_word' id='word_1_128' title='bbox 420 3599 489 3671; x_wconf 87' lang='lat' dir='ltr'><strong>qua</strong></span> <span class='ocrx_word' id='word_1_129' title='bbox 517 3573 707 3660; x_wconf 89' lang='lat' dir='ltr'><strong>utendum,</strong></span> <span class='ocrx_word' id='word_1_130' title='bbox 733 3597 890 3670; x_wconf 89' lang='lat' dir='ltr'><strong>quaeque</strong></span> <span class='ocrx_word' id='word_1_131' title='bbox 915 3573 952 3646; x_wconf 92' lang='lat' dir='ltr'><strong>in</strong></span> <span class='ocrx_word' id='word_1_132' title='bbox 980 3597 1058 3646; x_wconf 91' lang='lat' dir='ltr'><strong>vero</strong></span> <span class='ocrx_word' id='word_1_133' title='bbox 1082 3572 1280 3671; x_wconf 88' lang='lat' dir='ltr'><strong>indagando</strong></span> <span class='ocrx_word' id='word_1_134' title='bbox 1308 3580 1474 3672; x_wconf 86' lang='lat' dir='ltr'><strong>perpetuo</strong></span> <span class='ocrx_word' id='word_1_135' title='bbox 1503 3573 1700 3650; x_wconf 89' lang='lat' dir='ltr'><strong>adhibenda</strong></span> <span class='ocrx_word' id='word_1_136' title='bbox 1720 3581 1798 3651; x_wconf 83' lang='lat' dir='ltr'><strong>ost?</strong></span> 
     </span>
     <span class='ocr_line' id='line_1_16' title="bbox 284 3692 1797 3794; baseline 0.003 -28"><span class='ocrx_word' id='word_1_137' title='bbox 284 3694 433 3768; x_wconf 89' lang='lat' dir='ltr'><strong>Nullane</strong></span> <span class='ocrx_word' id='word_1_138' title='bbox 451 3693 557 3791; x_wconf 88' lang='lat' dir='ltr'><strong>igitur</strong></span> <span class='ocrx_word' id='word_1_139' title='bbox 575 3693 658 3766; x_wconf 92' lang='lat' dir='ltr'><strong>vitia</strong></span> <span class='ocrx_word' id='word_1_140' title='bbox 676 3693 824 3780; x_wconf 87' lang='lat' dir='ltr'><strong>lateant,</strong></span> <span class='ocrx_word' id='word_1_141' title='bbox 846 3701 1001 3791; x_wconf 90' lang='lat' dir='ltr'><strong>partesve</strong></span> <span class='ocrx_word' id='word_1_142' title='bbox 1018 3692 1133 3766; x_wconf 91' lang='lat' dir='ltr'><strong>nullae</strong></span> <span class='ocrx_word' id='word_1_143' title='bbox 1153 3693 1309 3765; x_wconf 87' lang='lat' dir='ltr'><strong>infirmae</strong></span> <span class='ocrx_word' id='word_1_144' title='bbox 1330 3692 1548 3792; x_wconf 87' lang='lat' dir='ltr'><strong>debilesque,</strong></span> <span class='ocrx_word' id='word_1_145' title='bbox 1569 3695 1637 3768; x_wconf 91' lang='lat' dir='ltr'><strong>uisi</strong></span> <span class='ocrx_word' id='word_1_146' title='bbox 1656 3721 1797 3794; x_wconf 89' lang='lat' dir='ltr'><strong>aegrae,</strong></span> 
     </span>
     <span class='ocr_line' id='line_1_17' title="bbox 283 3812 1796 3911; baseline 0.002 -24"><span class='ocrx_word' id='word_1_147' title='bbox 283 3813 436 3887; x_wconf 83' lang='lat' dir='ltr'><strong>celentur</strong></span> <span class='ocrx_word' id='word_1_148' title='bbox 465 3813 531 3886; x_wconf 88' lang='lat' dir='ltr'><strong>sub</strong></span> <span class='ocrx_word' id='word_1_149' title='bbox 557 3812 701 3910; x_wconf 68' lang='lat' dir='ltr'><strong>pulchri.</strong></span> <span class='ocrx_word' id='word_1_150' title='bbox 729 3812 1066 3911; x_wconf 71' lang='lat' dir='ltr'><strong>speciosissimrlque,</strong></span> <span class='ocrx_word' id='word_1_151' title='bbox 1092 3812 1177 3885; x_wconf 87' lang='lat' dir='ltr'><strong>adeo</strong></span> <span class='ocrx_word' id='word_1_152' title='bbox 1203 3837 1292 3910; x_wconf 89' lang='lat' dir='ltr'><strong>quae</strong></span> <span class='ocrx_word' id='word_1_153' title='bbox 1316 3812 1489 3886; x_wconf 87' lang='lat' dir='ltr'><strong>laudanda</strong></span> <span class='ocrx_word' id='word_1_154' title='bbox 1516 3813 1670 3903; x_wconf 88' lang='lat' dir='ltr'><strong>videtur,</strong></span> <span class='ocrx_word' id='word_1_155' title='bbox 1696 3816 1796 3891; x_wconf 89' lang='lat' dir='ltr'><strong>disci-</strong></span> 
     </span>
     <span class='ocr_line' id='line_1_18' title="bbox 283 3931 1795 4034; baseline 0.005 -30"><span class='ocrx_word' id='word_1_156' title='bbox 283 3933 453 4029; x_wconf 86' lang='lat' dir='ltr'><strong>plinarum</strong></span> <span class='ocrx_word' id='word_1_157' title='bbox 490 3932 810 4006; x_wconf 84' lang='lat' dir='ltr'><strong>mathematicorum</strong></span> <span class='ocrx_word' id='word_1_158' title='bbox 840 3931 976 4008; x_wconf 74' lang='lat' dir='ltr'><strong>formio?</strong></span> <span class='ocrx_word' id='word_1_159' title='bbox 1038 3933 1152 4030; x_wconf 90' lang='lat' dir='ltr'><strong>Igitur</strong></span> <span class='ocrx_word' id='word_1_160' title='bbox 1182 3957 1268 4006; x_wconf 91' lang='lat' dir='ltr'><strong>num</strong></span> <span class='ocrx_word' id='word_1_161' title='bbox 1303 3956 1415 4006; x_wconf 88' lang='lat' dir='ltr'><strong>veram</strong></span> <span class='ocrx_word' id='word_1_162' title='bbox 1457 3933 1547 4008; x_wconf 88' lang='lat' dir='ltr'><strong>viam</strong></span> <span class='ocrx_word' id='word_1_163' title='bbox 1586 3944 1795 4034; x_wconf 87' lang='lat' dir='ltr'><strong>sequautur,</strong></span> 
     </span>
     <span class='ocr_line' id='line_1_19' title="bbox 285 4051 1796 4154; baseline 0.005 -31"><span class='ocrx_word' id='word_1_164' title='bbox 285 4057 444 4148; x_wconf 85' lang='lat' dir='ltr'><strong>recteque</strong></span> <span class='ocrx_word' id='word_1_165' title='bbox 475 4052 680 4151; x_wconf 87' lang='lat' dir='ltr'><strong>procedant,</strong></span> <span class='ocrx_word' id='word_1_166' title='bbox 716 4053 778 4150; x_wconf 90' lang='lat' dir='ltr'><strong>qui</strong></span> <span class='ocrx_word' id='word_1_167' title='bbox 810 4053 1041 4152; x_wconf 90' lang='lat' dir='ltr'><strong>cognitionem</strong></span> <span class='ocrx_word' id='word_1_168' title='bbox 1072 4051 1277 4138; x_wconf 90' lang='lat' dir='ltr'><strong>emendare,</strong></span> <span class='ocrx_word' id='word_1_169' title='bbox 1311 4053 1492 4150; x_wconf 90' lang='lat' dir='ltr'><strong>perficere,</strong></span> <span class='ocrx_word' id='word_1_170' title='bbox 1528 4063 1563 4127; x_wconf 85' lang='lat' dir='ltr'><strong>ct</strong></span> <span class='ocrx_word' id='word_1_171' title='bbox 1590 4056 1796 4154; x_wconf 86' lang='lat' dir='ltr'><strong>amplificare</strong></span> 
     </span>
     <span class='ocr_line' id='line_1_20' title="bbox 284 4171 1797 4272; baseline 0.005 -28"><span class='ocrx_word' id='word_1_172' title='bbox 284 4179 346 4244; x_wconf 87' lang='lat' dir='ltr'><strong>aut</strong></span> <span class='ocrx_word' id='word_1_173' title='bbox 372 4171 513 4244; x_wconf 87' lang='lat' dir='ltr'><strong>dilatare</strong></span> <span class='ocrx_word' id='word_1_174' title='bbox 542 4171 703 4260; x_wconf 89' lang='lat' dir='ltr'><strong>student,</strong></span> <span class='ocrx_word' id='word_1_175' title='bbox 737 4171 866 4259; x_wconf 89' lang='lat' dir='ltr'><strong>idest,</strong></span> <span class='ocrx_word' id='word_1_176' title='bbox 900 4173 929 4245; x_wconf 91' lang='lat' dir='ltr'><strong>si</strong></span> <span class='ocrx_word' id='word_1_177' title='bbox 959 4172 1003 4245; x_wconf 90' lang='lat' dir='ltr'><strong>ad</strong></span> <span class='ocrx_word' id='word_1_178' title='bbox 1027 4171 1168 4244; x_wconf 90' lang='lat' dir='ltr'><strong>rationis</strong></span> <span class='ocrx_word' id='word_1_179' title='bbox 1191 4191 1347 4245; x_wconf 89' lang='lat' dir='ltr'><strong>normam</strong></span> <span class='ocrx_word' id='word_1_180' title='bbox 1370 4171 1567 4246; x_wconf 85' lang='lat' dir='ltr'><strong>examinant</strong></span> <span class='ocrx_word' id='word_1_181' title='bbox 1588 4183 1797 4272; x_wconf 85' lang='lat' dir='ltr'><strong>pertractent</strong></span> 
     </span>
     <span class='ocr_line' id='line_1_21' title="bbox 284 4277 1794 4394; baseline 0.006 -32"><span class='ocrx_word' id='word_1_182' title='bbox 284 4297 319 4362; x_wconf 88' lang='lat' dir='ltr'><strong>et</strong></span> <span class='ocrx_word' id='word_1_183' title='bbox 338 4290 506 4378; x_wconf 91' lang='lat' dir='ltr'><strong>efficiant,</strong></span> <span class='ocrx_word' id='word_1_184' title='bbox 532 4291 617 4389; x_wconf 92' lang='lat' dir='ltr'><strong>quid</strong></span> <span class='ocrx_word' id='word_1_185' title='bbox 641 4292 890 4390; x_wconf 87' lang='lat' dir='ltr'><strong>pervestigare,</strong></span> <span class='ocrx_word' id='word_1_186' title='bbox 916 4315 1136 4390; x_wconf 89' lang='lat' dir='ltr'><strong>componere,</strong></span> <span class='ocrx_word' id='word_1_187' title='bbox 1163 4315 1345 4378; x_wconf 86' lang='lat' dir='ltr'><strong>exacuere,</strong></span> <span class='ocrx_word' id='word_1_188' title='bbox 1365 4298 1419 4379; x_wconf 92' lang='lat' dir='ltr'><strong>et,</strong></span> <span class='ocrx_word' id='word_1_189' title='bbox 1443 4291 1512 4390; x_wconf 81' lang='lat' dir='ltr'><strong>qu&#39;o</strong></span> <span class='ocrx_word' id='word_1_190' title='bbox 1529 4277 1644 4393; x_wconf 81' lang='lat' dir='ltr'><strong>usqne</strong></span> <span class='ocrx_word' id='word_1_191' title='bbox 1661 4304 1794 4394; x_wconf 88' lang='lat' dir='ltr'><strong>potest,</strong></span> 
     </span>
     <span class='ocr_line' id='line_1_22' title="bbox 283 4400 1896 4516; baseline 0.005 -34"><span class='ocrx_word' id='word_1_192' title='bbox 283 4409 457 4484; x_wconf 86' lang='lat' dir='ltr'><strong>absolvere</strong></span> <span class='ocrx_word' id='word_1_193' title='bbox 493 4410 559 4482; x_wconf 90' lang='lat' dir='ltr'><strong>sibi</strong></span> <span class='ocrx_word' id='word_1_194' title='bbox 589 4411 854 4508; x_wconf 78' lang='lat' dir='ltr'><strong>proposuerint?</strong></span> <span class='ocrx_word' id='word_1_195' title='bbox 904 4413 993 4486; x_wconf 81' lang='lat' dir='ltr'><strong>Turn</strong></span> <span class='ocrx_word' id='word_1_196' title='bbox 1027 4436 1105 4484; x_wconf 91' lang='lat' dir='ltr'><strong>vero</strong></span> <span class='ocrx_word' id='word_1_197' title='bbox 1138 4411 1285 4499; x_wconf 89' lang='lat' dir='ltr'><strong>multos,</strong></span> <span class='ocrx_word' id='word_1_198' title='bbox 1319 4411 1373 4485; x_wconf 90' lang='lat' dir='ltr'><strong>vel</strong></span> <span class='ocrx_word' id='word_1_199' title='bbox 1396 4413 1612 4516; x_wconf 83' lang='lat' dir='ltr'><strong>acutissimos</strong></span> <span class='ocrx_word' id='word_1_200' title='bbox 1633 4400 1794 4512; x_wconf 90' lang='lat' dir='ltr'><strong>quidem,</strong></span> <span class='ocrx_word' id='word_1_201' title='bbox 1893 4438 1896 4443; x_wconf 83' lang='lat'>·</span> 
     </span>
     <span class='ocr_line' id='line_1_23' title="bbox 252 4523 1796 4630; baseline 0.005 -30"><span class='ocrx_word' id='word_1_202' title='bbox 252 4523 254 4528; x_wconf 69' lang='grc'><strong>’</strong></span> <span class='ocrx_word' id='word_1_203' title='bbox 284 4529 540 4626; x_wconf 87' lang='lat' dir='ltr'><strong>progredientes</strong></span> <span class='ocrx_word' id='word_1_204' title='bbox 570 4531 751 4618; x_wconf 47' lang='lat' dir='ltr'><strong>,videmus</strong></span> <span class='ocrx_word' id='word_1_205' title='bbox 786 4531 953 4629; x_wconf 86' lang='lat' dir='ltr'><strong>pluraque</strong></span> <span class='ocrx_word' id='word_1_206' title='bbox 986 4529 1273 4630; x_wconf 86' lang='lat' dir='ltr'><strong>pervestigantes,</strong></span> <span class='ocrx_word' id='word_1_207' title='bbox 1310 4538 1345 4603; x_wconf 88' lang='lat' dir='ltr'><strong>et</strong></span> <span class='ocrx_word' id='word_1_208' title='bbox 1378 4555 1465 4605; x_wconf 88' lang='lat' dir='ltr'><strong>nova</strong></span> <span class='ocrx_word' id='word_1_209' title='bbox 1497 4533 1729 4623; x_wconf 90' lang='lat' dir='ltr'><strong>invenientes,</strong></span> <span class='ocrx_word' id='word_1_210' title='bbox 1760 4544 1796 4610; x_wconf 89' lang='lat' dir='ltr'><strong>at</strong></span> 
     </span>
     <span class='ocr_line' id='line_1_24' title="bbox 285 4649 1794 4750; baseline 0.007 -31"><span class='ocrx_word' id='word_1_211' title='bbox 285 4671 399 4720; x_wconf 90' lang='lat' dir='ltr'><strong>veram</strong></span> <span class='ocrx_word' id='word_1_212' title='bbox 432 4649 521 4722; x_wconf 87' lang='lat' dir='ltr'><strong>viam</strong></span> <span class='ocrx_word' id='word_1_213' title='bbox 554 4649 647 4722; x_wconf 90' lang='lat' dir='ltr'><strong>haud</strong></span> <span class='ocrx_word' id='word_1_214' title='bbox 671 4675 747 4724; x_wconf 90' lang='lat' dir='ltr'><strong>raro</strong></span> <span class='ocrx_word' id='word_1_215' title='bbox 771 4651 1129 4748; x_wconf 71' lang='lat' dir='ltr'><strong>relinquenteS‚&#39;eum</strong></span> <span class='ocrx_word' id='word_1_216' title='bbox 1154 4652 1200 4726; x_wconf 87' lang='lat' dir='ltr'><strong>ad</strong></span> <span class='ocrx_word' id='word_1_217' title='bbox 1222 4651 1333 4750; x_wconf 87' lang='lat' dir='ltr'><strong>ipsam</strong></span> <span class='ocrx_word' id='word_1_218' title='bbox 1359 4653 1587 4748; x_wconf 88' lang='lat' dir='ltr'><strong>cognoscendi</strong></span> <span class='ocrx_word' id='word_1_219' title='bbox 1607 4655 1794 4742; x_wconf 89' lang='lat' dir='ltr'><strong>rationem,</strong></span> 
     </span>
     <span class='ocr_line' id='line_1_25' title="bbox 283 4767 1849 4874; baseline 0.006 -34"><span class='ocrx_word' id='word_1_220' title='bbox 283 4791 373 4864; x_wconf 90' lang='lat' dir='ltr'><strong>quae</strong></span> <span class='ocrx_word' id='word_1_221' title='bbox 399 4767 470 4841; x_wconf 88' lang='lat' dir='ltr'><strong>sola</strong></span> <span class='ocrx_word' id='word_1_222' title='bbox 494 4768 565 4841; x_wconf 86' lang='lat' dir='ltr'><strong>dux</strong></span> <span class='ocrx_word' id='word_1_223' title='bbox 590 4793 663 4842; x_wconf 91' lang='lat' dir='ltr'><strong>esse</strong></span> <span class='ocrx_word' id='word_1_224' title='bbox 689 4777 724 4842; x_wconf 91' lang='lat' dir='ltr'><strong>et</strong></span> <span class='ocrx_word' id='word_1_225' title='bbox 747 4795 870 4867; x_wconf 87' lang='lat' dir='ltr'><strong>passus</strong></span> <span class='ocrx_word' id='word_1_226' title='bbox 893 4795 1010 4868; x_wconf 85' lang='lat' dir='ltr'><strong>regere</strong></span> <span class='ocrx_word' id='word_1_227' title='bbox 1035 4778 1167 4869; x_wconf 86' lang='lat' dir='ltr'><strong>potest,</strong></span> <span class='ocrx_word' id='word_1_228' title='bbox 1192 4771 1368 4846; x_wconf 88' lang='lat' dir='ltr'><strong>attendere</strong></span> <span class='ocrx_word' id='word_1_229' title='bbox 1393 4795 1501 4870; x_wconf 90' lang='lat' dir='ltr'><strong>paene</strong></span> <span class='ocrx_word' id='word_1_230' title='bbox 1526 4774 1715 4874; x_wconf 88' lang='lat' dir='ltr'><strong>negligant.</strong></span> <span class='ocrx_word' id='word_1_231' title='bbox 1847 4868 1849 4874; x_wconf 23' lang='lat'><strong>,</strong></span> 
     </span>
    </p>
   </div>
   <div class='ocr_carea' id='block_1_3' title="bbox 0 0 2508 6196">
    <p class='ocr_par' dir='ltr' id='par_1_3' title="bbox 0 0 2508 6196">
     <span class='ocr_line' id='line_1_26' title="bbox 0 0 2508 6196; baseline 0 0"><span class='ocrx_word' id='word_1_232' title='bbox 0 0 2508 6196; x_wconf 95' lang='lat' dir='ltr'><strong> </strong></span> 
     </span>
    </p>
   </div>
  </div>
 </body>
</html>
