4986 6200
729 593 773 660 24
1307 586 1346 653 G.
1380 589 1410 655 J.
1444 585 1666 656 vsnusu

733 797 943 883 tunitatem,
968 793 1102 879 studia,
1127 790 1342 890 aliquamdiu
1360 783 1574 878 intermissa,
1599 788 1788 876 revocavit,
1812 795 1847 862 et
1869 789 2022 864 alacriter
2044 792 2091 866 ad
2108 791 2264 890 incepta

731 917 929 1018 peragenda
965 935 1147 1013 aggressus
1178 919 1241 985 est.
1290 913 1337 985 Et
1371 919 1451 986 voto
1478 909 1598 998 solvit,
1623 916 1677 996 et,
1702 908 1791 982 siout
1822 932 2086 986 commemorare
2112 909 2261 1010 incepi,

736 1037 782 1111 ad
813 1058 936 1134 rogum
968 1033 1039 1106 fere
1071 1054 1182 1129 usque
1211 1030 1380 1106 maximas
1409 1031 1447 1104 in
1477 1054 1518 1104 eo
1550 1027 1751 1128 praesertim
1781 1049 1880 1100 ouras
1906 1027 2069 1102 collocare
2093 1029 2262 1114 studuit,

734 1163 774 1229 ut
807 1160 924 1229 exacte
957 1151 1179 1248 investigaret
1204 1156 1239 1224 et
1269 1149 1443 1247 colligeret
1467 1147 1705 1245 traderetque,
1737 1144 1908 1244 quidquid
1935 1145 2111 1221 literarum
2138 1148 2260 1222 culto·

730 1270 846 1360 ribus,
871 1272 917 1345 ad
939 1269 1235 1344 Wrrrarrascarr
1261 1267 1383 1342 merita
1409 1267 1545 1366 plenius
1568 1263 1806 1364 cognoscenda
1824 1265 1994 1364 justiusve
2014 1267 2260 1353 aestimanda,

733 1399 875 1490 gratum
899 1413 974 1462 esse
997 1395 1115 1487 posset
1139 1394 1174 1460 et
1198 1393 1399 1484 exoptatum
1426 1387 1467 1478 ¹).

707 1575 711 1590 ,
783 1509 840 1582 Sic
873 1507 981 1608 igitur
1003 1508 1183 1582 Manurus
1211 1505 1254 1580 de
1282 1505 1389 1578 literis
1412 1503 1501 1578 bene
1524 1503 1667 1578 meritus
1693 1502 1881 1588 habentur,
1907 1503 2150 1602 literarumque
2176 1505 2258 1576 cul-

732 1636 824 1704 tores
855 1633 891 1700 et
925 1627 1077 1719 fautores
1105 1625 1182 1698 Viri
1216 1620 1406 1700 Clarissimi
1434 1623 1637 1698 memoriam
1670 1623 1726 1719 pic
1760 1621 1890 1708 colent,
1916 1620 2114 1720 quibusque
2143 1622 2255 1696 rebus

736 1745 941 1846 peragendis
960 1745 1050 1820 vitae
1071 1769 1233 1844 magnam
1255 1750 1389 1842 partem
1409 1742 1589 1816 utilissime
1609 1739 1834 1839 transegerit,
1858 1741 1949 1838 grati
1967 1740 2189 1816 recordentur
2203 1744 2252 1832 ²).

1358 2007 1623 2022 *-

784 2221 909 2296 Restat
944 2225 985 2293 ut
1016 2219 1252 2293 Baarvsaoorr
1291 2239 1489 2290 memorem.
1545 2215 1616 2290 Hic
1650 2239 1801 2314 namque
1831 2213 1894 2288 Vir
1922 2217 2161 2325 Clarissimus,
2194 2221 2256 2293 cui

735 2341 810 2416 dies
838 2343 883 2414 16
910 2340 1009 2414 Junii
1032 2337 1115 2413 anni
1136 2336 1312 2436 praeteriti
1336 2335 1427 2410 vitae
1453 2334 1520 2408 luit
1545 2358 1745 2433 supremus,
1770 2334 2011 2418 Professorurn
2028 2338 2153 2412 Ordini
2175 2347 2250 2412 erat

736 2460 950 2558 adscriptus,
985 2457 1086 2532 salvis
1117 2455 1398 2554 quandoquidem
1421 2454 1548 2528 honore
1573 2453 1803 2553 omnibusque
1822 2455 1958 2553 juribus
1979 2456 2179 2530 Professoris
2205 2457 2253 2529 de

734 2579 909 2678 provincis
939 2577 1160 2664 discesserat,
1194 2599 1320 2674 qaam,
1354 2574 1398 2648 ab
1427 2597 1518 2648 anno
1547 2573 1629 2647 inde
1657 2575 1750 2648 1818
1775 2573 1821 2646 sd
1841 2597 1967 2648 annum
1992 2599 2100 2674 nsque
2128 2576 2243 2661 1821,

736 2699 774 2771 in
798 2697 915 2772 nostrl
939 2695 1129 2770 Academid
1154 2694 1461 2768 administraverat.
2182 2776 2187 2786 ι

782 2817 899 2889 Natus
932 2821 1006 2886 erat
1039 2814 1225 2887 Josaarrus
1256 2813 1548 2887 Gnnrsosrouus
1589 2813 1816 2886 Baarvacnns
1855 2814 2035 2886 Baausan
2072 2814 2251 2901 Harlemi,

738 2933 795 3007 die
821 2936 867 3006 25
889 2931 1019 3029 Aprilis
1041 2945 1132 3004 anno
1159 2934 1275 3017 1774,
1301 2937 1442 3027 eratque
1463 2930 1556 3003 filius
1581 2931 1704 3005 unicus
1727 2932 1790 3005 viri
1815 2931 2006 3006 doctissimi
2031 2939 2066 3006 et
2092 2932 2248 3006 eruditis·

738 3051 819 3126 simi
851 3049 1016 3122 charor
1052 3049 1257 3122 Faunanrer
1293 3049 1493 3136 Braneus,
1532 3049 1726 3124 Medicinae
1761 3050 1919 3124 Doctoris
1958 3051 2185 3150 expertissimi
2216 3059 2251 3123 et

739 3167 1004 3244 honoratissimi.
1053 3167 1186 3265 Magna
1219 3157 1401 3265 parentum
1441 3191 1519 3266 spes
1552 3166 1596 3239 dc
1627 3167 1800 3243 carissimo
1829 3169 1918 3258 filio,
1955 3171 2046 3244 bont
2077 3169 2251 3242 indoleat

739 3286 930 3387 praestanti
961 3285 1101 3384 ingenio
1135 3309 1172 3358 se
1207 3286 1485 3374 commendante,
1522 3285 1617 3360 haud
1651 3311 1709 3361 eos
1739 3286 1868 3363 sclcllit.
1929 3289 2072 3362 Summl
2103 3310 2248 3384 namque

664 3457 667 3467 ·
739 3409 822 3482 card
856 3407 999 3481 honeste
1032 3404 1199 3478 educatus
1218 3405 1424 3504 largiterque
1447 3411 1482 3478 et
1502 3405 1686 3479 liberaliter
1705 3405 1913 3494 instructus,
1938 3433 2019 3481 cum
2041 3407 2248 3480 Medicinam

739 3525 926 3623 aliquando
969 3525 1005 3597 in
1053 3524 1138 3598 urbe
1179 3524 1286 3600 natali
1321 3523 1475 3599 iactitare
1507 3549 1608 3624 posse
1642 3525 1802 3600 ardenter
1837 3533 1993 3624 cuperet,
2032 3549 2124 3600 anno
2159 3528 2247 3600 1789

652 3647 656 3654 ’
740 3643 948 3718 Academiae
980 3641 1314 3741 Lugduno·batavae
1345 3644 1428 3718 civis
1460 3644 1571 3717 factam
1603 3651 1666 3718 est.
1716 3646 1760 3718 In
1793 3645 1876 3718 artis
1910 3645 2105 3719 salutiferae
2139 3643 2249 3717 studia

740 3762 864 3839 eldam
893 3761 1047 3859 ingeniti
1075 3761 1132 3835 illd
1157 3761 1356 3860 diligentis,
1380 3763 1570 3860 eodemque
1596 3762 1761 3862 singulari
1785 3763 1843 3836 illo
1873 3763 2003 3837 sciendi
2030 3762 2248 3858 discendique

740 3903 855 3956 amore
889 3879 1068 3968 incubuit,
1101 3880 1229 3979 quibus
1250 3881 1431 3979 Gymnasii
1455 3881 1691 3956 Harlemensis
1712 3881 1871 3980 egregius
1892 3882 2093 3980 primusque
2118 3903 2249 3977 semper

740 4001 832 4074 inter
859 4023 959 4096 pares
992 3999 1105 4072 luerat
1135 3999 1336 4098 discipulus.
1388 3999 1485 4078 Quin
1503 4000 1626 4088 etiam,
1651 4025 1760 4099 quum
1782 4000 2030 4098 percelebrium
2057 3999 2247 4074 Medicinae

740 4117 977 4194 Professorum
999 4118 1252 4206 Baccarusrr,
1277 4120 1501 4206 Passursrr,
1526 4119 1765 4193 Snunrroarrr
1783 4128 1819 4192 et
1837 4120 2092 4192 Oosraanrrrrr
2112 4117 2247 4216 egregit

741 4237 980 4325 institutione,
1004 4260 1066 4335 per
1087 4245 1217 4336 septem
1238 4238 1310 4312 fere
1333 4262 1461 4325 annos,
1486 4263 1570 4312 usos
1596 4245 1689 4327 erat,
1715 4239 1912 4312 Harlemum
1936 4238 2079 4324 rediret,
2105 4235 2248 4310 summis

740 4381 810 4432 non
836 4355 945 4438 modo
979 4365 1120 4430 omctus
1151 4355 1356 4446 honoribus,
1392 4381 1510 4431 verum
1546 4357 1648 4432 etiam
1674 4357 1829 4431 omnium
1856 4357 2121 4456 Praeceptornm
2145 4353 2251 4430 laude

782 4637 810 4712 ¹)
828 4637 895 4698 vid.
916 4639 1069 4700 amacio
1087 4641 1170 4702 XIII.

784 4729 813 4804 ¹)
831 4730 896 4790 vid.
917 4734 1070 4795 Aaaotctio
1090 4735 1172 4796 XIV.
