4874 6182
857 679 1133 750 ORATIO.
1206 677 1209 682 ’
1563 670 1567 678 ’
1676 682 1739 750 123

229 890 392 974 virorum,
427 887 487 986 qui
514 886 569 961 vel
599 885 637 960 im
662 887 833 984 republica
857 887 913 964 cel
934 888 1058 962 arbem
1081 893 1116 960 et
1136 887 1326 962 litterarum
1347 886 1468 962 stadim
1488 885 1737 974 inclaruerunt,

229 1013 308 1080 acta
344 1012 652 1103 commemorentur,
685 1031 757 1080 cum
790 1008 961 1082 notatione
993 1013 1270 1082 monumentorum
1305 1012 1374 1080 tam
1395 1005 1609 1102 priuatorum
1641 1029 1739 1104 quam

222 1124 451 1221 publicorum,
474 1125 594 1222 quibus
615 1147 672 1198 rea
693 1125 776 1200 illae
799 1132 945 1200 testatae
968 1131 1004 1198 et
1015 1126 1179 1222 proditae
1192 1124 1375 1219 fceriml:”

228 1269 385 1362 acceptae
412 1269 495 1338 sunt
518 1264 608 1340 duae
631 1251 956 1354 commentationes,
980 1289 1050 1340 una
1072 1263 1238 1363 insignita
1259 1264 1314 1338 his
1338 1264 1531 1340 versiculis:

538 1407 634 1506 ὅρα,
658 1400 862 1485 admoveas
884 1407 1009 1507 χωρὶς
1033 1403 1145 1482 οὐδὲν
1167 1405 1324 1500 εὐτυχεῖ
1343 1406 1424 1479 κτλ.

276 1597 428 1697 Scriptor
458 1599 563 1699 hujus
595 1600 913 1689 commentationis,
938 1599 1125 1701 praemissa
1149 1598 1380 1698 disputatione
1404 1599 1447 1672 de
1471 1599 1585 1698 gentis
1607 1601 1735 1677 Fabiae

208 1716 357 1791 ‚ratione
381 1725 416 1791 et
438 1720 666 1818 antiquitate,
691 1721 852 1821 deinceps
877 1720 1092 1820 singulorum
1114 1718 1322 1806 Fabiorum,
1346 1717 1542 1817 principum
1566 1719 1736 1808 maxime,

225 1859 280 1908 res
312 1837 503 1940 secundum
535 1845 731 1938 temporum
761 1841 918 1914 ordinem
939 1847 1095 1913 accurate
1122 1838 1356 1935 concinneque
1386 1835 1554 1934 exposuit.
1604 1836 1737 1910 Rerum

222 1959 359 2041 fontes,
395 1964 468 2030 tam
504 1947 630 2055 scripta
667 1964 822 2031 veterum
854 1956 1114 2044 historicorum,
1149 1981 1255 2055 quam
1276 1955 1492 2053 antiquitatis
1513 1963 1739 2053 monumenta

224 2071 434 2170 insigniora,
471 2075 655 2173 diligenter
683 2075 877 2162 consuluit,
913 2099 977 2148 nec
1012 2072 1240 2148 recentiorum
1277 2070 1534 2170 disquisitiones
1574 2071 1736 2172 neglexit.

28 2279 34 2288 .
161 2251 163 2254 .
224 2191 268 2264 In
294 2191 436 2265 diversis
461 2193 668 2270 testimoniis
689 2201 725 2268 et
746 2193 882 2268 indiciis
899 2191 1137 2292 comparandis
1157 2199 1192 2268 et
1214 2190 1450 2266 examinandis
1470 2196 1603 2266 rectum
1623 2192 1738 2292 prodit

225 2308 296 2383 veri
331 2309 477 2408 falsique
509 2311 690 2410 judicium.
740 2311 964 2410 Expositione
995 2336 1080 2386 usus
1108 2319 1161 2386 est
1191 2309 1363 2398 dilucida,
1396 2308 1548 2384 oratione
1584 2335 1672 2408 pura
1702 2321 1738 2386 et

224 2427 354 2505 limata.
405 2430 474 2504 Sed
505 2425 546 2504 ut
576 2431 631 2505 his
666 2431 829 2506 laudibus
862 2429 999 2530 scriptio
1034 2454 1070 2504 se
1100 2428 1338 2516 commendat,
1369 2427 1419 2502 ita
1443 2426 1614 2524 desideres
1638 2429 1675 2504 in
1698 2455 1739 2504 ea

225 2555 302 2622 tum
331 2572 407 2624 eam
445 2551 701 2651 compositionis
733 2557 865 2640 artem,
901 2574 1007 2652 quam
1036 2548 1197 2624 historica
1227 2546 1471 2622 commentatio
1502 2549 1739 2646 poscit,tum

226 2662 306 2741 eam
335 2667 509 2744 doctrinae
538 2671 793 2759 matvnitatcm,
828 2694 934 2768 quam
962 2668 1102 2744 assidua
1126 2666 1321 2742 exercitatio
1337 2668 1446 2764 parit.
1497 2665 1596 2742 Haec
1620 2675 1737 2742 tamen

224 2809 295 2860 nou
331 2786 613 2885 impedivissent,
650 2789 857 2888 quominus,
895 2788 925 2862 si
967 2811 1037 2862 uns
1070 2785 1155 2860 haee
1192 2785 1435 2860 commentatio
1470 2786 1584 2862 ordini
1615 2786 1737 2862 fuisset
1841 2799 1842 2802 ’

224 2903 361 2992 oblata,
386 2930 405 2979 e
429 2908 606 3010 communi
626 2908 785 3006 judicum
808 2907 978 2982 sententia
1001 2929 1103 2982 amec
1128 2905 1280 3002 praemio
1303 2905 1409 3004 digua
1435 2914 1525 2982 esset
1547 2906 1711 3006 judicata.

274 3022 406 3098 Verum
430 3033 465 3102 et
489 3025 595 3102 altera
617 3025 662 3102 in'
678 3033 850 3102 certamen
874 3024 991 3113 venit,
1015 3023 1180 3122 insignita
1202 3022 1268 3097 hac
1292 3024 1477 3098 sententia:

322 3189 376 3278 μὴ
400 3189 525 3284 μόνον
549 3197 617 3266 τοῦ
640 3195 758 3276 νικᾶν
783 3191 943 3268 ἔννοιαν
968 3188 1102 3283 ἔχειν,
1126 3184 1223 3261 ἀλλὰ
1246 3186 1406 3262 καὶτοῦ
1430 3171 1633 3280 epularet.

272 3377 371 3458 Haec
391 3387 431 3454 ut
451 3389 610 3461 accurata
632 3389 705 3460 tam
725 3389 879 3460 veterum
902 3406 1008 3482 quam
1033 3379 1261 3456 recentiorum
1288 3379 1492 3477 scriptorum
1514 3379 1736 3480 inquisitione

225 3495 330 3594 priori
362 3522 583 3596 nequaquam
616 3501 727 3589 cedit,
761 3501 811 3575 ita
842 3500 1044 3574 eruditionis
1078 3499 1176 3597 copia
1201 3506 1237 3572 et
1262 3497 1442 3596 judicandi
1463 3487 1621 3573 acumine
1641 3499 1737 3574 illam

219 3615 375 3713 superat.
433 3619 683 3717 Quaecumque
720 3619 757 3692 in
788 3619 994 3717 antiquitate
1027 3618 1071 3692 de
1095 3616 1213 3692 Fabiis
1239 3623 1376 3691 exstant
1405 3625 1653 3706 monumenta,
1683 3618 1737 3692 in·

225 3732 444 3830 scriptiones,
479 3735 711 3822 numismata,
749 3735 892 3832 scriptor
922 3734 1075 3809 studiose
1101 3733 1307 3834 conquisivit
1331 3725 1582 3835 &liganterque
1608 3737 1736 3812 exami-

224 3851 337 3937 navit3
374 3875 502 3925 errores
536 3859 609 3926 tam
634 3860 799 3927 veterum
833 3877 939 3951 quam
967 3853 1216 3942 recentiorum,
1248 3855 1302 3929 vel
1320 3855 1358 3929 in
1382 3855 1487 3929 rebus
1512 3857 1567 3931 vel
1587 3855 1624 3928 in
1647 3863 1736 3930 tem·

224 3967 366 4067 poribus
391 3971 552 4045 notandis
574 3971 764 4061 admissos,
788 3973 963 4048 enucleate
987 3971 1168 4072 patefecit,
1192 3973 1354 4073 reliquias
1379 3974 1525 4050 etiams
1548 3974 1736 4050 Fabiorum

225 4089 360 4187 scriptis
381 4089 583 4188 superstites
601 4091 737 4166 addidit
758 4099 794 4166 et
817 4091 991 4191 explicuit.
1039 4093 1096 4166 Ita
1115 4100 1151 4166 ct
1171 4092 1299 4168 Fabiae
1321 4093 1435 4192 gentis
1458 4100 1606 4170 stemma
1625 4085 1736 4168 multo

223 4208 359 4305 plenius
391 4233 497 4307 quam
528 4211 709 4308 hucusque
741 4209 872 4286 iactum
905 4219 979 4286 erat
1009 4210 1167 4285 exhibuit
1189 4219 1225 4285 et
1247 4213 1375 4288 multas
1401 4213 1563 4288 historiae
1585 4220 1620 4286 et
1645 4213 1734 4287 anti»

225 4327 367 4424 quitatis
389 4335 504 4426 partes
525 4329 728 4420 illustravit3
753 4329 902 4429 denique
928 4331 1165 4428 quaestionem
1187 4333 1398 4432 propositam
1422 4333 1472 4407 ita
1497 4331 1734 4431 pertractavit,

224 4455 265 4519 ut
287 4447 366 4544 plus
388 4447 521 4522 dederit
543 4472 648 4547 quam
669 4450 766 4524 Ordo
779 4450 1019 4548 postulaverat.
1069 4449 1266 4537 Enarratio,
1291 4473 1504 4548 quemquam
1524 4472 1593 4524 non
1609 4473 1733 4524 vacans

223 4566 359 4640 mendis
385 4576 420 4641 et
442 4591 543 4666 saepe
562 4568 658 4666 justo
677 4569 859 4667 prolixior,
884 4576 937 4643 est
959 4569 1155 4667 perspicua,
1177 4568 1351 4667 jucunda,
1375 4567 1503 4656 facilis,
1529 4567 1607 4667 plus
1628 4567 1733 4642 etism

223 4683 336 4759 laudis
367 4685 546 4774 habitura,
579 4687 609 4761 si
636 4689 778 4787 scriptor
809 4694 844 4762 et
870 4686 907 4761 in
932 4687 1007 4764 aliis
1030 4687 1276 4786 redarguendis
1299 4713 1319 4762 a
1339 4687 1471 4762 lucetiis
1490 4687 1733 4794 abstinuisset,
1754 4673 1758 4680 ¹

224 4810 259 4875 et
283 4803 319 4878 iu
344 4803 416 4879 suis
441 4807 679 4904 expromendis
698 4807 920 4906 jactationem
944 4807 1112 4886 evitasset.
1164 4807 1233 4882 Sed
1253 4807 1337 4883 haec
1358 4806 1461 4896 vitia,
1488 4815 1529 4880 ut
1550 4833 1572 4883 a
1591 4807 1735 4908 juvenili
1835 4885 1837 4892 ,

447 4931 453 4938 ·
1462 4925 1540 4999 16*
