4986 6200
725 705 766 770 rs
1198 649 1403 769 suares
1433 699 1760 772 unorrouuu.

826 907 1038 1008 Disputandi
1060 907 1220 996 exercitia
1243 908 1382 1008 publica
1404 908 1654 997 moderabitur,
1680 909 1736 983 die
1760 908 1873 997 Jovis,
1899 967 1908 985 .
1935 935 1943 984 .
1971 969 1979 986 .
2007 968 2016 985 .
2050 909 2134 985 bord
2169 909 2234 984 XI.

732 1029 775 1102 R.
800 1029 839 1102 P.
863 1029 906 1103 A.
930 1027 1050 1114 Dozr,
1080 1027 1173 1102 Prof.
1198 1029 1314 1117 Exta,
1344 1028 1537 1105 Historiam
1558 1028 1795 1103 Universalem
1816 1028 2016 1128 explicabit,

781 1147 904 1220 diebus
927 1147 1068 1234 Lunae,
1092 1147 1217 1222 Martis
1241 1154 1276 1220 et
1299 1147 1463 1221 Mercurii
1470 1204 2016 1235 ................
2170 1145 2236 1222 XI.

827 1265 937 1338 Iocos
959 1265 1137 1340 historicos
1157 1265 1362 1339 difficiliores
1380 1272 1416 1338 et
1433 1265 1525 1340 varia
1541 1264 1702 1340 historiae
1719 1265 1886 1342 literariae
1906 1267 2019 1365 capita

877 1384 1056 1476 tractabit,
1083 1385 1206 1459 diebus
1231 1385 1327 1460 Jovis
1351 1392 1387 1458 et
1410 1384 1572 1474 Veneris,
1611 1443 2016 1462 ............
2151 1383 2236 1457 ΧΠ.

1245 1593 1492 1725 secururs
1515 1623 1718 1701 amurca

728 1861 767 1934 O.
791 1861 912 1935 Pnors
930 1883 1005 1935 vau
1028 1885 1103 1936 nun
1121 1862 1280 1938 Houvuu
1300 1861 1540 1960 Pathologiam
1561 1858 1716 1949 docebit,
1741 1859 1864 1934 diebus
1881 1860 2019 1950 Lunae,

775 1980 941 2054 Mercurii
964 1988 999 2054 et
1022 1979 1186 2070 Veneris,
1212 2041 1221 2058 .
1248 1977 1260 2056 .“
1284 2035 2016 2058 .....................
2208 1979 2237 2050 Ι.

826 2097 1038 2173 Medicinam
1061 2101 1247 2200 practicam
1270 2114 1351 2176 cum
1374 2099 1671 2176 exercitationem
1700 2097 1906 2172 Nosocomio
1930 2099 2020 2173 Aca·

875 2217 1027 2307 demi00,
1052 2221 1207 2317 quotidie
1214 2276 2015 2310 .......................
2175 2217 2239 2290 XI.

731 2397 733 2401 Α
827 2335 1020 2411 Historiam
1043 2339 1239 2414 Medicinae
1262 2341 1389 2429 tradet,
1414 2339 1538 2413 diebus
1561 2338 1686 2413 Martis
1710 2345 1746 2412 et
1769 2322 1915 2426 Jove..
1944 2397 1951 2412 .
1979 2397 1987 2413 .
2015 2396 2024 2414 .
2211 2338 2240 2410 I.

735 2457 777 2530 G.
795 2455 834 2528 G.
854 2455 896 2529 Β.
915 2457 1107 2532 Sonruoaa
1130 2459 1334 2559 Iberapiam
1356 2459 1550 2558 generalem
1572 2455 1728 2546 docebit,
1753 2456 1877 2530 diebus
1898 2457 2023 2532 Martis

783 2583 818 2646 et
842 2574 957 2664 Jovis,
1001 2633 1478 2655 ..............
1493 2649 1498 2656 ,
1505 2633 2017 2653 ...............
2157 2573 2242 2648 XII.

923 2703 958 2767 et
977 2695 1039 2769 ‘dio
1064 2697 1205 2772 Saturni
1214 2750 2019 2787 .......................
2177 2692 2241 2767 IX.

827 2813 1141 2916 Pharmaoognosin
1174 2824 1210 2890 et
1238 2817 1431 2908 naturalem
1455 2813 1686 2890 remediorum
1714 2813 1926 2904 Historiam,
1950 2814 2022 2888 die·

872 2933 941 3006 bus
964 2935 1108 3024 Lunae,
1132 2937 1299 3011 Mercurii
1323 2945 1358 3010 et
1382 2937 1548 3024 Veneris,
1580 2989 2022 3010 .............
2156 2931 2242 3006 ΧΠ.

830 3050 1119 3149 Thempeuticum
1157 3055 1388 3130 remediorum
1425 3077 1529 3128 usum
1555 3051 1746 3144 indicabit,
1776 3049 1900 3125 diebus
1929 3052 2024 3126 Mer-

854 3169 962 3259 ,ourii
986 3176 1022 3242 et
1045 3171 1209 3261 Veneris,
1254 3226 2019 3249 ......................
2127 3155 2131 3170 ’
2173 3169 2239 3243 ΙΧ.

802 3285 1031 3370 ,Βοοῑτίηωη
1066 3290 1266 3366 morborum
1300 3291 1527 3392 singularium
1560 3289 1691 3378 tradet,
1726 3287 1850 3362 diebus
1875 3289 2020 3379 Lunae,

877 3407 1003 3481 Martis
1027 3405 1063 3482 et
1085 3410 1182 3484 Jovis
1189 3463 2019 3500 .........................
2175 3407 2240 3482 ΙΧ.

729 3615 734 3626 Λ
827 3525 954 3599 Praain
991 3527 1177 3617 medicam,
1212 3529 1258 3604 ad
1292 3531 1436 3606 lectulos
1465 3529 1740 3628 aegrotantium,
1764 3526 2022 3618 moderabitur,

875 3643 999 3719 diebus
1024 3647 1188 3745 singulis,
1219 3703 2019 3726 .......................
2195 3647 2239 3720 Χ.

677 3841 679 3847 ,
731 3763 769 3836 F.
798 3762 856 3836 W.
876 3764 1050 3840 Karnana
1071 3767 1253 3844 Theoriam
1276 3768 1475 3867 disciplinae
1497 3767 1719 3865 chirurgicos
1746 3773 1913 3864 exponet,
1949 3767 2021 3840 die·

778 3881 848 3955 bus
872 3881 1014 3972 Lunae,
1038 3885 1203 3960 Mercurii
1226 3894 1262 3961 et
1285 3885 1429 3960 Veneris
1433 3942 1658 3974 .......
1662 3873 1668 3882 ’
1684 3941 2019 3961 ..........
2138 3883 2238 3959 VIII.

829 4001 1141 4078 Exercitationibus
1160 4005 1318 4095 Oliniois,
1335 4007 1372 4078 in
1387 4005 1594 4080 Nosocomio
1611 4003 1819 4078 Academico
1832 4002 2019 4099 habendis,

879 4121 1033 4210 vacabit,
1058 4123 1180 4200 diebus
1203 4127 1340 4214 Lunae,
1362 4123 1548 4212 Mercurii,
1573 4124 1729 4198 Joviset
1751 4122 1911 4209 Saturni,
1937 4179 1948 4232 .
1975 4181 1983 4196 .
2010 4181 2018 4198 .
2152 4123 2235 4197 XII.

833 4238 987 4338 Collegio
1011 4243 1155 4331 casuali,
1181 4243 1304 4319 diebus
1330 4243 1451 4318 Martis
1475 4251 1510 4318 et
1533 4241 1678 4316 Veneris
1685 4297 2016 4331 ..........
2042 4239 2235 4314 XII-Ill.

830 4357 1056 4456 Operationes
1090 4361 1326 4463 chirurgicos,
1359 4363 1568 4438 tumetium
1598 4362 1842 4436 Vincturarum
1875 4365 1911 4432 et
1935 4358 2018 4432 Fas·

876 4477 1007 4554 ciarum
1033 4479 1241 4571 doctrinam,
1266 4481 1530 4580 demonstrabit,
1554 4481 1647 4556 boris
1671 4481 1751 4554 dein
1774 4477 1999 4554 indicandis.

827 4594 1029 4671 Doctriuam
1054 4599 1098 4672 de
1121 4601 1251 4675 morbis
1274 4601 1449 4674 oculorum
1473 4607 1639 4698 exponet,
1664 4599 1720 4672 die
1745 4595 1902 4683 Saturni,
1936 4655 1944 4670 .
1970 4655 1979 4671 .
2006 4651 2015 4670 .
2064 4595 2235 4670 X-XII.

829 4712 1042 4791 Medicinam
1064 4716 1267 4806 Foreusem,
1292 4717 1415 4792 diebus
1438 4718 1558 4792 Lunae
1583 4726 1618 4792 et
1641 4716 1753 4806 Jovis,
1794 4770 2017 4790 .......
2205 4715 2233 4788 I.

829 4831 1137 4936 Anthropologiam
1161 4836 1480 4914 medico-forensem
1505 4836 1660 4926 docebit,
1685 4835 1742 4912 die
1766 4833 1929 4924 Veneris,
1975 4891 1984 4912 .
2010 4892 2019 4910 .
2169 4833 2233 4908 IX.
