4874 6182
836 709 1111 778 onnr10.
1689 715 1730 780 97

265 917 320 993 Ex
349 916 521 993 anatomia
546 921 663 989 autem
687 914 899 992 diversarum
929 919 1081 1017 partium
1114 917 1241 992 sensim
1269 917 1336 992 aha
1362 922 1476 990 ortum
1501 916 1601 990 duxit
1625 917 1726 992 disci·

217 1039 333 1135 plina,
359 1062 447 1136 quae
466 1035 565 1109 initio
596 1035 632 1107 in
659 1043 774 1134 partas
797 1037 925 1111 similes
945 1062 1008 1136 pro
1033 1035 1287 1111 characteribus
1312 1036 1461 1110 externis
1485 1036 1727 1136 conjungendo

217 1165 253 1229 et
287 1155 476 1230 ordinando
518 1162 703 1252 occupata,
745 1156 902 1230 modesta
933 1157 1001 1230 luit
1044 1155 1235 1230 anatomiae
1276 1157 1408 1230 ancilla.
1468 1157 1526 1230 Ab
1564 1157 1726 1246 Hallero,

216 1275 494 1374 physiologorum
539 1273 638 1348 facile
676 1274 849 1373 principe,
896 1275 1015 1350 vitales
1058 1275 1271 1348 diversarum
1305 1275 1456 1372 partium
1501 1277 1725 1376 proprietates

216 1401 375 1492 experto,
397 1395 496 1492 quasi
515 1401 736 1494 praeparata,
761 1395 933 1469 anatomia
956 1395 1124 1494 generalis
1150 1418 1232 1466 mox
1251 1417 1353 1466 suum
1378 1403 1478 1468 nacta
1494 1403 1547 1468 cst
1570 1396 1724 1469 condito-

214 1537 307 1601 rem,
333 1539 510 1588 summum
530 1514 641 1588 virum
660 1514 865 1603 Bichatum,
891 1514 1035 1613 quince
1060 1513 1219 1615 physicas
1243 1537 1307 1587 nec
1328 1513 1498 1588 chemicas
1522 1540 1585 1590 nec
1604 1516 1723 1590 vitales

214 1635 438 1732 proprietates
471 1634 623 1732 neglexit
654 1640 708 1721 et,
747 1633 884 1708 Pinellii
922 1635 1078 1735 exemplo
1119 1634 1280 1720 edoctus,
1323 1631 1554 1708 aberrationes
1587 1659 1724 1732 quoque

214 1751 389 1825 morbosas
410 1751 455 1824 ad
476 1751 689 1849 singularum
712 1752 864 1850 partium
884 1761 1044 1827 naturam
1065 1750 1369 1826 demonstrandam
1392 1751 1563 1826 adhibuit.
1596 1753 1724 1826 Deerat

213 1875 350 1942 tantum
384 1868 597 1968 microscopii
631 1893 738 1956 usus,
785 1895 855 1969 quo
894 1871 1069 1960 adhibito,
1105 1895 1176 1944 non
1215 1878 1254 1944 ut
1294 1895 1383 1968 quae
1421 1869 1628 1945 curiositatis
1664 1879 1725 1946 aut

215 1986 450 2060 delectationis
484 2011 588 2061 eausa
625 1987 754 2085 pingui
779 1988 936 2062 Minerva
970 1989 1108 2063 tractari
1147 1989 1276 2076 solent,
1315 1989 1378 2062 sed
1409 1989 1548 2064 assiduis
1582 1998 1722 2065 conten·

212 2105 303 2178 tione
332 2115 448 2180 mente
473 2106 510 2178 in
540 2115 683 2205 scop'um
713 2106 843 2196 defixa,
869 2133 912 2182 ex
939 2108 1140 2182 animalium
1172 2107 1329 2206 partibus
1351 2107 1478 2182 formas
1499 2109 1722 2185 elementares

211 2225 388 2299 enucleare
419 2227 601 2318 valuerunt
636 2227 827 2300 anatomiae
860 2227 1028 2326 generalis
1061 2227 1219 2302 cultores.
1271 2227 1368 2300 Hace
1396 2237 1513 2302 autem
1542 2229 1723 2328 disciplina

212 2345 337 2418 nostris
372 2345 495 2420 diebus
523 2371 545 2420 a
578 2345 764 2420 clarissimo
788 2346 1011 2435 Schwannio,
1036 2347 1194 2421 cellulam
1221 2354 1388 2444 tanquam
1415 2348 1551 2423 unicam
1576 2349 1722 2424 formam

209 2465 418 2566 primitivam
465 2471 657 2552 statuente,
704 2463 867 2563 legesque
908 2465 1137 2564 praecipiente
1184 2465 1313 2563 quibus
1349 2475 1492 2540 cunctae
1530 2467 1721 2544 formentur

209 2593 324 2684 partes
342 2585 586 2672 elementares,
611 2589 789 2681 tantopere
814 2592 915 2658 aucta
939 2593 1012 2673 est,
1038 2593 1098 2672 ut,
1123 2584 1316 2683 conjunctis
1332 2585 1655 2684 investigationibus
1678 2589 1722 2662 de

208 2707 337 2793 torma,
372 2705 416 2778 de
446 2703 712 2803 compositione,
745 2703 788 2776 de
818 2704 936 2802 genesi
972 2727 1011 2778 ac
1043 2703 1113 2777 vita
1141 2704 1278 2777 illarum
1311 2705 1482 2801 partium,
1516 2707 1719 2806 histologia,

210 2849 298 2923 quae
322 2848 416 2898 nunc
438 2823 648 2922 appellatur,
679 2845 777 2896 verae
802 2822 1001 2920 disciplinae
1022 2845 1149 2895 nomen
1180 2829 1215 2895 et
1245 2821 1391 2896 formem
1416 2822 1493 2921 jure
1519 2824 1718 2901 obtinuerit.

258 2943 383 3041 Neque
406 2942 622 3040 physiologia
646 2940 882 3040 progressione
910 2941 1031 3016 carnit.
1058 2933 1204 3028 initio,
1231 2939 1302 3015 sola
1326 2940 1396 3014 lere
1418 2943 1591 3018 anatomia
1609 2945 1719 3034 duce,

205 3087 347 3138 mancae
380 3069 415 3135 et
446 3061 595 3136 incertae
618 3059 760 3134 fuerunt
781 3060 996 3158 singularum
1025 3059 1244 3133 functionum
1266 3060 1433 3134 notiones.
1484 3063 1721 3160 Experimenti

208 3189 325 3257 autem
355 3185 540 3252 'momento
581 3185 781 3276 perspecto,
819 3203 977 3252 summus
1011 3177 1185 3252 Harveius
1224 3178 1501 3268 circulationem,
1547 3181 1719 3281 Casperus

207 3299 362 3376 Asellius
395 3297 650 3398 absorptionem
674 3321 834 3372 vasorum
864 3295 1172 3396 lymphaticorum‚
1207 3297 1350 3370 Carolus
1375 3298 1507 3371 Bellius
1538 3323 1721 3375 nervorum

205 3419 399 3495 sanctiones
430 3417 581 3491 diversas
612 3417 840 3514 pulcherrime
870 3411 1107 3504 illustrarunt,
1135 3419 1183 3489 'et
1217 3414 1406 3502 Baehrius,
1442 3423 1577 3514 reperto
1608 3441 1717 3492 mam·

205 3539 349 3613 mallum
376 3536 498 3622 ovulo,
528 3535 574 3608 ad
599 3535 828 3633 generationis
855 3559 977 3608 arcana
1000 3533 1204 3608 declaranda
1224 3531 1369 3631 januam
1393 3534 1540 3632 aperuit.

253 3656 351 3730 Alias
375 3661 492 3728 nostro
513 3653 713 3752 praesertim
744 3659 897 3750 tempore
919 3651 1117 3750 disciplinas
1142 3652 1179 3726 in
1207 3676 1308 3726 suurn
1335 3652 1717 3752 commodumphysio·

209 3775 300 3875 logia
323 3773 504 3849 adhibuit:
541 3797 622 3871 prae
653 3772 796 3846 caeteris
824 3771 993 3846 chemiam
1017 3771 1104 3846 dieo.
1153 3770 1345 3846 AJacobo
1372 3771 1543 3860 Beraelio,
1570 3773 1642 3848 viro
1670 3775 1715 3849 ob

206 3895 342 3971 crebras
362 3893 601 3992 indagationes
618 3917 727 3990 aeque
745 3899 848 3988 atque
867 3890 913 3964 ob
934 3889 1124 3965 doctrinam
1139 3890 1238 3964 unice
1254 3890 1454 3980 nobilitato,
1476 3901 1713 3992 praeparatam

207 4013 388 4113 periodum
429 4037 552 4085 novam
587 4011 770 4085 Mulderus
810 4017 927 4084 noster
964 4009 1035 4084 suis
1067 4009 1389 4110 investigationibus
1412 4010 1607 4100 stabilivit,
1645 4039 1714 4112 qua

210 4135 356 4209 durante
376 4139 412 4205 et
438 4131 718 4230 physiologorum
741 4139 776 4205 et
794 4129 1025 4204 chemieorum
1045 4155 1164 4206 omnes
1189 4131 1259 4204 lere
1281 4154 1322 4204 eo
1344 4129 1532 4206 tendebant
1553 4140 1713 4222 conatus,

148 4275 155 4286 ·
207 4264 247 4330 ut
272 4251 424 4327 materiei
450 4251 658 4326 mutationes
679 4249 880 4338 continuae,
904 4250 1023 4348 quales
1048 4250 1084 4323 in
1108 4273 1246 4348 corpore
1270 4249 1346 4324 vivo
1371 4252 1480 4339 fiunt,
1505 4251 1569 4324 rita
1594 4275 1710 4328 nosca-

205 4380 324 4447 rentur
351 4377 386 4444 et
414 4369 696 4469 intelligerentvn.
748 4372 906 4448 Quorum
928 4370 1120 4469 conjunctis
1151 4369 1274 4444 studiis
1299 4369 1429 4444 lactum
1457 4377 1527 4458 est,
1553 4377 1594 4474 ut
1621 4369 1710 4446 intra

205 4515 332 4592 pancos
356 4514 468 4596 anuos
485 4489 650 4563 hodierna
672 4489 805 4564 ehemia
826 4489 871 4562 ad
893 4489 1141 4589 physiologiam
1163 4497 1199 4563 et
1224 4489 1438 4564 diaetetiaem
1461 4489 1705 4564 illustrandum

206 4609 302 4710 quod
329 4609 479 4682 conlerre
503 4617 637 4707 posset,
659 4610 730 4684 sera
754 4609 970 4707 praestiterit.

255 4730 351 4804 Casu
389 4727 531 4802 fortuito
573 4728 732 4828 congruit
767 4729 919 4804 chemioa
955 4729 1039 4805 haec
1072 4728 1233 4826 periodus
1264 4753 1346 4804 cum
1379 4727 1600 4828 histologica,
1637 4729 1707 4804 fere

203 4850 327 4926 codem
358 4859 512 4948 tempore
543 4875 563 4925 a
596 4849 798 4925 Schwannio
831 4849 995 4939 lundata,
1030 4875 1049 4924 e
1078 4873 1225 4947 quarum
1256 4849 1445 4925 necessaria
1468 4847 1706 4948 conjunctione

1474 4971 1519 5042 13
