4986 6200
750 635 792 700 cs
940 606 945 616 ’
1326 635 1365 702 o.
1399 635 1429 702 s.
1464 635 1687 705 vnaulu

748 863 905 938 namque
941 837 1118 914 divisionis
1146 838 1410 940 partitionirque
1441 866 1560 918 curam
1594 843 1651 918 vix
1683 841 1792 918 ullam
1817 841 1994 916 interdum
2024 848 2195 940 egerunt,
2222 843 2274 918 ita

750 967 792 1032 ut
825 958 1013 1058 separanda
1050 965 1112 1035 aut
1149 959 1239 1034 mele
1270 967 1331 1034 aut
1360 983 1404 1036 ne
1433 961 1645 1060 injunxerint
1668 947 1829 1062 quidem,
1854 961 2072 1037 dissolvenda
2096 971 2157 1036 aut
2185 985 2270 1038 cou-

648 1139 675 1160 ,.
750 1079 914 1152 eluserint
949 1085 1011 1154 aut
1046 1103 1116 1152 non
1153 1078 1413 1176 explicaverint,
1449 1078 1672 1157 distrahenda
1695 1075 1962 1182 congesserint,
1996 1081 2178 1157 individua
2209 1090 2273 1158 aut

748 1222 818 1272 non
839 1198 1052 1300 segreganda
1078 1197 1333 1297 dispertivenint
1352 1206 1388 1274 et
1407 1199 1656 1300 disjunxerint,
1681 1200 1808 1276 diffusa
1828 1208 1864 1278 et
1887 1201 2053 1299 dissipata
2073 1201 2119 1276 ad
2138 1224 2274 1301 genera

747 1343 817 1394 non
855 1319 1049 1419 coegerint,
1083 1319 1271 1400 coercenda
1292 1326 1366 1394 aut
1399 1319 1445 1394 ad
1469 1321 1697 1420 paucissima,
1730 1320 1798 1394 nisi
1832 1322 1878 1396 ad
1907 1345 2039 1410 unum,
2072 1321 2274 1421 colligenda

749 1439 999 1538 disposuerint,
1034 1446 1096 1514 aut
1131 1439 1222 1514 ultra
1259 1439 1371 1539 justos
1398 1441 1564 1516 terminos
1588 1440 1815 1540 digesserint,
1847 1441 2000 1539 itemque
2030 1441 2105 1514 loce
2136 1464 2272 1528 vacua,

747 1558 842 1632 haud
867 1558 1003 1632 difficile
1029 1557 1253 1658 reperiunda,
1278 1583 1348 1634 non
1375 1561 1717 1638 commonstraveriut
1741 1585 1805 1636 nec
1825 1559 2087 1659 compleverint,
2113 1559 2273 1658 denique

747 1677 905 1751 nondum
934 1677 1038 1776 plena
1068 1685 1236 1776 tunquam
1269 1679 1386 1754 clausa
1412 1680 1631 1785 ettabsoluta
1653 1680 1910 1757 considerarint.
1961 1679 2065 1756 Quod
2089 1687 2275 1776 quantum

748 1795 1007 1895 disciplinarum
1030 1798 1222 1875 rectissimo
1247 1799 1362 1874 studio
1385 1808 1506 1889 uocet,
1531 1801 1678 1902 ideoque
1700 1802 1816 1876 obstat
1836 1800 2021 1898 quominus
2039 1798 2277 1897 perficiantur

750 1923 786 1989 et
808 1916 1082 2014 amplificentur,
1107 1918 1186 2016 quit
1207 1924 1260 1992 est
1285 1919 1347 2017 qui
1370 1919 1532 1994 dubitet?
1582 1921 1652 1995 Sed
1672 1921 1737 1996 hoc
1762 1921 1879 2019 ipsum
1901 1945 1942 1994 eo
1965 1917 2075 2016 magis
2095 1918 2273 1992 manime-

747 2061 815 2134 que
850 2044 903 2110 est
944 2037 1151 2132 dolendum,
1189 2038 1471 2136 quandoquidem
1497 2039 1699 2138 hujusmodi
1722 2040 1823 2128 vitia,
1850 2037 2087 2138 systematicae
2114 2045 2274 2135 pertrac-

745 2154 845 2227 tandi
883 2162 918 2228 et
950 2154 1110 2259 tradendi
1135 2157 1260 2231 rationi
1290 2157 1466 2256 neglectae
1492 2159 1632 2258 potius,
1657 2173 1764 2258 'quam
1789 2184 1906 2233 rerum
1931 2153 2120 2259 cognitioni
2148 2157 2274 2230 minus

748 2273 981 2372 adaequatae,
1005 2274 1189 2350 tribuenda
1213 2301 1288 2352 esse
1312 2277 1482 2353 videutm.

1373 2562 1636 2575 m

797 2751 880 2824 Huc
914 2775 1025 2849 usque
1055 2775 1175 2828 eorum
1199 2753 1372 2851 quaedam
1399 2756 1631 2845 consideravi,
1655 2757 1846 2858 inquibus
1867 2754 2085 2830 offenderunt
2107 2761 2143 2828 et
2171 2777 2268 2826 erra·

746 2875 868 2944 verunt
880 2870 1138 2958 Mathematici,
1158 2873 1316 2968 neglectu
1333 2876 1552 2968 systematich
1569 2877 1801 2972 pertractandi
1818 2884 1853 2949 et
1869 2869 2101 2970 investigandi
2119 2873 2268 2948 ratione.

748 2987 817 3060 Sed
851 2988 918 3060 alia
954 2995 1036 3060 sunt
1067 2985 1174 3082 hujus
1203 2986 1360 3060 methodi
1385 2997 1585 3085 praecepta,
1614 2990 1660 3061 ad
1686 2997 1775 3084 quac
1796 2997 1888 3062 recte
1910 2989 2100 3084 eodemque
2129 3013 2272 3090 semper

750 3105 913 3178 modoet
938 3102 1076 3176 assidue
1099 3101 1276 3176 attendere
1299 3103 1404 3176 nimis
1427 3105 1670 3202 neglexerunt,
1696 3111 1757 3178 aut
1781 3129 1870 3203 quae
1895 3111 2047 3202 spectare
2075 3106 2276 3202 plu-imum

752 3246 822 3295 non
857 3220 1064 3319 cogitarunt.
1125 3221 1173 3294 Et
1208 3219 1266 3294 hic
1298 3220 1439 3318 quidem
1468 3221 1669 3320 praesertim
1704 3221 1948 3296 Inductionem
1983 3229 2018 3294 et
2057 3221 2276 3320 Analogiam

750 3340 912 3439 cogitetis
943 3340 1045 3414 velim
1080 3341 1124 3416 A.
1147 3340 1192 3414 A.
1215 3339 1264 3416 H.
1287 3340 1347 3414 Hl
1384 3365 1404 3414 e
1439 3365 1584 3439 quarum
1617 3339 1712 3440 justo
1747 3349 1782 3414 et
1812 3339 2030 3439 systematieo
2058 3364 2145 3428 usu,
2178 3352 2272 3438 quot

749 3467 949 3560 quantaque
988 3459 1177 3558 praeclara,
1213 3467 1248 3533 et
1280 3460 1317 3532 iu
1342 3459 1542 3560 'disciplinis
1579 3459 1827 3558 amplificandis
1864 3460 2068 3546 utilissima,
2107 3459 2268 3557 prosilire

750 3585 897 3677 possunt
921 3603 961 3654 ac
982 3577 1131 3665 hauriri,
1155 3602 1312 3667 mecum,
1337 3605 1485 3677 quaeso,
1510 3579 1696 3680 paullisper
1717 3581 1903 3679 reputetis,
1929 3586 1990 3655 aut
2017 3604 2076 3653 vos
2101 3579 2267 3678 inhujus

751 3696 974 3794 gravissimae
1004 3696 1054 3769 rei
1084 3697 1287 3772 memoriam
1319 3723 1473 3774 revocem
1506 3701 1691 3775 concedere
1716 3699 1839 3774 velitis.
1887 3701 2037 3796 Jamque
2062 3721 2191 3797 magna
2211 3705 2266 3771 est

617 3889 624 3901 ,
751 3813 969 3890 Inductionis
1000 3822 1036 3888 et
1066 3815 1258 3915 Analogiue
1286 3817 1340 3891 vis
1372 3819 1409 3891 in
1440 3819 1536 3917 ipsa,
1573 3818 1616 3891 de
1647 3822 1715 3915 qud
1749 3819 1885 3892 locutus
1914 3842 2012 3906 sum,
2038 3817 2204 3890 divisione
2227 3825 2265 3888 et

751 3935 934 4034 partitione
969 3935 1230 4022 constituendi,
1264 3937 1325 4028 sed
1352 3938 1394 4011 iu
1423 3937 1680 4044 disciplinarum
1705 3935 2109 4036 partibus-'perficiendis
2135 3943 2171 4009 et
2198 3934 2260 4040 ab·

749 4053 919 4128 solvendis
959 4053 1071 4127 sontes
1103 4053 1271 4152 praebent
1304 4053 1518 4140 uberrimos,
1535 4055 1591 4128 ‚in
1614 4052 1746 4151 spatia,
1782 4052 1947 4128 letissime
1970 4053 2145 4151 patentia,
2171 4049 2261 4126 fruc·

749 4171 964 4248 tuosissimus
999 4172 1311 4271 redundantes‚.e
1342 4172 1479 4270 quibus:
1505 4179 1619 4250 temen
1651 4180 1752 4248 caute
1779 4181 1820 4264 et
1843 4174 1939 4247 omni
1960 4169 2262 4270 circumspectione

747 4303 800 4369 est
831 4291 1072 4368 hauriendum.
1124 4292 1268 4366 Temere
1299 4315 1450 4388 namque
1481 4290 1512 4363 si
1541 4289 1741 4365 inductione
1777 4299 1813 4364 et
1845 4291 2001 4390 analogia
2032 4290 2183 4375 utimur,
2213 4329 2261 4343 -

748 4414 883 4489 etiamsi
915 4438 984 4488 non
1011 4411 1102 4488 absit
1127 4411 1306 4510 cognitum
1337 4419 1372 4485 et
1392 4409 1569 4509 probabile
1592 4409 1880 4497 fundamentum,
1903 4451 1952 4464 —
1974 4432 2124 4507 magnus
2146 4413 2261 4482 metus

748 4542 800 4607 est
831 4527 875 4606 rie
910 4532 1058 4632 speciem
1086 4555 1148 4630 pro
1179 4555 1258 4605 vero
1285 4529 1531 4615 adsumamus,
1556 4527 1675 4625 itaque
1696 4527 1739 4601 ab
1761 4525 1920 4628 opinione
1943 4525 2193 4600 descendamus
2216 4521 2262 4597 ad

747 4653 958 4750 conjecturas
978 4651 1152 4740 infirmas,
1177 4649 1270 4724 etin
1294 4649 1416 4723 harum
1439 4647 1644 4746 labyrinthis
1664 4643 1873 4720 oberremus.
1923 4647 1973 4718 At
1995 4669 2074 4718 vero
2097 4643 2127 4717 si
2147 4642 2258 4727 omni,

748 4773 815 4864 qud
843 4777 996 4866 oportet,
1029 4772 1187 4848 cautione
1217 4768 1445 4859 adhibentur,
1470 4811 1518 4826 -
1548 4767 1577 4843 si
1603 4767 1646 4842 de
1670 4764 1741 4840 veri
1763 4763 1909 4863 falsique
1933 4763 2046 4852 notis,
2072 4763 2116 4836 de
2140 4759 2259 4847 simili,
