4986 6200
886 721 1165 793 ORATIO.
1731 723 1772 791 25

253 929 361 1006 etiam
385 911 490 1029 atque
514 927 619 1004 etiam
641 929 912 1006 commendatus.
962 929 1014 1004 Hi
1037 936 1208 1029 namque,
1233 928 1366 1029 egregii
1389 929 1419 1004 si
1444 927 1647 1029 spectabant
1671 927 1773 1004 disci·

253 1049 332 1152 puli·
357 1071 438 1124 cum
460 1047 640 1147 ingenium
660 1046 827 1124 eximium
844 1072 974 1147 perque
995 1047 1163 1146 politum,
1184 1060 1264 1122 tum
1287 1048 1456 1147 optimam
1478 1049 1553 1148 ejus
1577 1048 1775 1158 studiorum

253 1168 442 1256 rationem,
476 1175 554 1242 tum
587 1191 666 1262 vero
700 1167 805 1242 etiam
831 1187 950 1262 ¹mores
978 1163 1217 1262 integerrimos
1250 1171 1285 1236 et
1312 1164 1594 1253 honestissimos,
1620 1164 1773 1262 prolecto

255 1283 451 1374 habebant,
491 1309 561 1382 quo
595 1294 771 1385 sperarent
804 1291 840 1358 et
876 1290 1134 1381 exspectarent,
1168 1281 1241 1356 lore
1273 1288 1313 1355 ut
1348 1281 1453 1358 talem
1486 1307 1522 1357 se
1562 1289 1772 1381 praestaret,

255 1403 394 1502 qualem
417 1404 576 1480 futurum
596 1405 866 1505 augurabantur.
916 1402 1056 1476 Justam
1080 1408 1197 1477 autem
1217 1399 1323 1474 fuisse
1346 1399 1435 1474 hanc
1458 1401 1768 1490 existimationem,

256 1522 403 1622 quisque
435 1522 557 1598 doctus
592 1523 698 1598 facile·
724 1522 866 1622 quidem
894 1521 1078 1609 concedet,
1114 1521 1175 1619 qui
1211 1519 1353 1618 propius
1385 1519 1571 1594 attenderit
1598 1519 1768 1595 rationem

256 1641 450 1740 speciminis
467 1643 654 1718 academici
669 1645 722 1736 ¹),
747 1625 842 1741 quod
858 1641 1102 1728 Bnnnsnnns,
1126 1640 1172 1714 ad
1192 1661 1346 1713 summos
1367 1637 1405 1712 in
1426 1636 1604 1712 Medicinb
1624 1637 1771 1712 honores

254 1757 502 1856 capessendos,
549 1758 710 1857 praebuit
743 1757 950 1858 publiceque
996 1757 1153 1832 omnium
1190 1757 1341 1832 examini
1378 1756 1560 1846 submisit,
1597 1756 1643 1830 ad
1679 1756 1773 1832 diem

257 1877 278 1948 6
302 1875 453 1973 Aprilis,
478 1901 569 1952 anno
596 1881 702 1954 1796.

273 2049 283 2084 :=
302 1994 560 2093 Exspectationi
590 2004 708 2072 autem
740 1998 966 2074 Bnaxrnnns
997 1998 1100 2098 plane
1132 1996 1306 2072 satisfecit.
1368 1997 1594 2094 Summopere
1618 2019 1772 2095 namque

254 2112 292 2185 id
312 2137 453 2211 operam
475 2114 592 2204 dedit,
619 2123 658 2189 ut
680 2115 717 2190 in
737 2118 836 2216 praxi
857 2118 990 2192 medica
1012 2117 1186 2193 doetrinae
1204 2115 1382 2216 principiis
1398 2113 1553 2215 probatis
1574 2114 1776 2194 duceretur.

253 2231 361 2306 Hisce
377 2233 500 2332 igitur
529 2234 612 2309 artis
632 2243 813 2334 praecepta
835 2261 909 2312 ease
933 2237 1220 2337 superstruenda‚
1245 2234 1456 2334 consilioque
1479 2259 1581 2333 porro
1609 2234 1776 2332 prudenti

126 2411 157 2438 ,.
253 2375 328 2428 esse
365 2352 560 2453 agendum,
601 2379 805 2453 persuasum
837 2355 904 2431 sibi
941 2357 1129 2444 habebat,
1147 2356 1253 2456 proba
1285 2353 1390 2429 etiam
1422 2353 1602 2452 judicans,
1639 2353 1772 2427 bonum

255 2470 436 2546 Medicum
469 2479 612 2548 cautum
643 2472 834 2571 imprimis,
868 2473 976 2548 immo
1010 2473 1174 2548 timidum
1203 2473 1319 2573 potius
1352 2497 1460 2583 quam
1486 2471 1674 2560 audacem,
1698 2495 1774 2546 esse

254 2597 420 2688 oportere.
478 2591 581 2666 Hanc
615 2615 773 2668 normam
806 2593 874 2667 sibi
909 2593 1122 2692 sequendam
1153 2592 1373 2692 praescripsit
1384 2625 1394 2680 5
1433 2592 1522 2687 hano
1555 2590 1688 2679 tenuit,
1728 2590 1773 2665 ab

253 2707 363 2807 obque
392 2733 463 2784 nou
494 2711 687 2800 decedens,
721 2711 759 2784 in
792 2711 914 2786 eisdem
944 2711 1142 2789 adhibenda
1175 2711 1345 2786 excelluit.
1395 2709 1475 2784 Hae
1505 2733 1662 2807 namque
1688 2710 1778 2786 duee
1904 2733 1907 2738 ·

254 2829 508 2925 aegrotantium
552 2831 656 2903 saluti
693 2831 824 2928 optimc
863 2838 900 2904 et
940 2830 1135 2904 felicissime
1172 2828 1365 2916 consuluit,
1403 2852 1518 2925 neque
1552 2827 1638 2902 alios
1673 2827 1777 2902 latuit
1901 2925 1904 2932 Ι

253 2968 360 3042 quam
393 2945 460 3018 sibi
491 2945 593 3020 vellet
625 2947 662 3019 in
690 2948 862 3020 medendo
882 2949 1053 3021 cautelam
1078 2954 1114 3020 et
1134 2946 1375 3043 prudentiam,
1400 2946 1621 3042 praecipuam
1642 2945 1777 3020 Medici

253 3062 380 3136 dotem.
438 3062 541 3136 Brevi
557 3062 685 3160 ‘igitur
717 3087 838 3138 omnes
867 3064 901 3136 ei
932 3062 1173 3150 confidebant,
1208 3062 1427 3160 nominisque
1455 3062 1548 3136 fama
1576 3061 1700 3150 crevit,
1724 3062 1775 3138 ita

254 3189 295 3254 ut
330 3180 368 3254 in
404 3179 490 3255 mbo
522 3181 629 3256 natali
662 3205 731 3256 non
765 3182 887 3271 modo,
919 3181 1177 3285 verumetiam
1209 3181 1312 3270 alibi,
1343 3179 1601 3280 aegrotantibus
1625 3181 1773 3281 opitula-

252 3308 367 3390 retur,
392 3313 428 3375 et
452 3300 593 3375 abunde
615 3301 838 3400 quamplures
854 3318 945 3376 'eum
968 3301 1121 3389 adirent,
1147 3299 1316 3374 auxilium
1337 3308 1399 3374 aut
1421 3300 1578 3374 consulta
1590 3307 1773 3398 petentem

254 3411 339 3517 quin
364 3418 470 3492 etiam
491 3443 513 3492 a
536 3418 727 3493 Lnoovrco
753 3420 1024 3509 Naronnonrn,
1049 3419 1256 3494 Hollandiae
1282 3425 1367 3492 tuno
1388 3419 1506 3517 Rege,
1531 3418 1772 3517 designaretur

254 3543 296 3610 ut
330 3535 397 3620 sibi
428 3535 516 3610 foret
551 3537 712 3612 Medicus
744 3564 766 3612 a
795 3538 971 3613 consultis.
1032 3538 1089 3612 Ob
1123 3538 1299 3638 cognitam
1338 3537 1480 3636 insuper
1514 3543 1772 3637 spectatumque

253 3654 461 3754 probitatem
482 3679 667 3756 rerumque
682 3657 921 3755 prudentiam,
944 3657 990 3731 ob
1007 3657 1063 3747 id,
1088 3659 1183 3756 quod
1200 3657 1333 3732 bonum
1349 3658 1603 3754 honestumque
1621 3656 1771 3732 maxima
1911 3703 1916 3712 ·

254 3798 329 3848 esse
359 3773 591 3872 expetendum
623 3799 686 3849 suo
709 3776 784 3874 ipse
810 3777 967 3875 exemplo
989 3776 1253 3875 comprobabat,
1278 3799 1397 3851 omnes
1417 3800 1499 3850 eum
1522 3775 1642 3874 magni
1667 3773 1769 3850 lacie-

254 3893 359 3980 bant,
383 3879 558 3993 fiebatque
586 3901 626 3968 ut
649 3895 784 3994 saepius
806 3895 852 3970 ad
870 3889 1014 3970 munera
1039 3895 1093 3969 vel
1113 3895 1224 3970 officia
1242 3894 1382 3994 publiea
1405 3894 1567 3968 obeunda
1591 3901 1770 3992 rogaretur

254 4021 290 4086 et
318 4019 504 4090 vocaretur.
561 4013 618 4088 Sia
646 4038 708 4112 per
734 4014 939 4090 decennium
971 4014 1039 4089 luit
1071 4015 1212 4090 Praeses
1246 4013 1400 4112 collegii,
1430 4013 1504 4101 cui,
1530 4013 1567 4086 iu
1590 4012 1771 4088 Provineit

253 4132 460 4212 Hollandiae
495 4133 795 4230 Septentrionalis,
831 4159 967 4222 rerum,
1001 4134 1048 4209 ad
1083 4134 1297 4212 Medicinam
1331 4133 1555 4208 factitandum
1594 4132 1770 4230 pertinen-

254 4253 366 4340 tium,
391 4252 680 4328 moderandarum
702 4261 737 4326 et
758 4254 967 4342 tuendarum
992 4279 1075 4329 cura
1096 4261 1169 4330 erat
1195 4254 1367 4330 mandata.
1420 4253 1496 4342 Sia,
1522 4277 1592 4351 quo
1616 4259 1770 4349 tempore

255 4373 480 4461 Nsronxorr,
513 4372 692 4448 Gallorum
715 4373 929 4472 Imperator,
954 4373 1216 4465 dominabatur,
1241 4372 1343 4477 urbis,
1360 4373 1517 4448 Harlcmi
1547 4368 1770 4469 Magistratui
1905 4451 1911 4457 ,

121 4541 124 4546 -
254 4488 323 4562 fuit
354 4490 568 4589 Adjunotua,
594 4491 770 4592 ,bamque
810 4500 929 4591 postea
976 4493 1067 4568 inter
1110 4493 1267 4569 Civitatis
1296 4489 1550 4577 ,Harlemensis
1585 4490 1766 4563 Senatores

253 4607 420 4684 adlectus.

294 4865 324 4945 ²)
343 4870 480 4981 nepe
498 4873 672 4952 sewu,
692 4878 793 4940 aces
814 4879 992 4946 omnam
1011 4881 1105 4943 mar·
1125 4882 1283 4959 aymam.

1549 4983 1574 5050 4
