4986 6200
754 617 796 685 66
1329 618 1368 685 G.
1404 619 1432 685 J.
1467 617 1689 688 vunnim

756 823 944 912 debemus,
969 847 1032 898 nec
1054 823 1171 900 minus
1192 823 1456 928 Leibnitaio,
1479 823 1517 899 in
1542 825 1637 900 omni
1658 823 1728 898 iere
1754 822 1927 900 doetrinae
1951 848 2076 924 genere
2099 827 2275 926 superiori

754 951 790 1016 et
822 943 1059 1042 praecellenti,
1091 943 1245 1042 itemque
1270 943 1489 1044 sagacissimo
1513 940 1729 1044 Hugenio
1752 950 1891 1034 nostro,
1917 969 2121 1045 summoque
2145 948 2273 1024 New·

600 1103 609 1114 ·
752 1063 871 1152 toni,
917 1071 978 1138 aut
1013 1063 1115 1139 unico
1153 1063 1319 1138 Eulero
1356 1062 1435 1152 illo,
1470 1061 1615 1162 aliisque
1651 1062 1771 1138 multis
1806 1063 1887 1138 viris
1918 1065 2168 1157 celeberrimis,
2205 1070 2273 1168 qui

753 1182 895 1282 quidem
925 1191 961 1258 et
986 1185 1023 1258 in
1051 1209 1092 1259 eo
1119 1183 1239 1282 magni
1258 1189 1376 1272 erant,
1400 1183 1496 1282 quod
1515 1207 1585 1258 non
1611 1183 1715 1259 modo
1732 1183 1929 1258 inveniendi
1950 1185 2022 1260 rias
2040 1187 2272 1263 multifariam

752 1303 890 1378 latiores
926 1311 962 1378 et
993 1304 1067 1378 loca
1104 1302 1296 1401 patentiora
1332 1303 1590 1394 monstrabant,
1627 1303 1904 1403 universalesque
1937 1307 2195 1406 contemplandi
2234 1317 2273 1382 et

751 1423 1008 1522 pervestigandi
1040 1423 1162 1496 modos
1194 1422 1424 1522 detegebant,
1458 1430 1494 1498 et
1524 1447 1568 1498 er
1599 1422 1712 1498 altiori
1743 1422 1889 1498 statione
1919 1426 2086 1523 speculari
2106 1427 2161 1500 vel
2182 1451 2271 1503 oon·

751 1543 880 1640 spicere
918 1541 1104 1630 docebant,
1140 1565 1260 1616 verum
1293 1543 1399 1618 ctiam
1432 1543 1613 1642 pristinam
1638 1551 1857 1642 veteremque
1884 1543 2043 1620 semitam
2074 1546 2205 1622 calcare
2233 1557 2271 1622 et

750 1661 800 1735 ire
823 1685 893 1734 non
918 1661 1147 1760 spernebant,
1172 1669 1208 1736 et
1231 1687 1453 1762 nequequam
1476 1664 1631 1738 deserere
1655 1687 1733 1738 eam
1753 1663 1936 1762 jubebant.

746 1819 753 1826 ·
797 1779 1004 1854 Praesertim
1037 1789 1174 1870 autem,
1209 1807 1273 1870 ne,
1309 1783 1405 1881 quod
1436 1783 1533 1882 prius
1570 1782 1768 1872 enunciari,
1806 1783 2061 1880 quodammodo
2093 1783 2269 1866 declarare

751 1899 930 1990 omittam,
954 1925 1110 1976 normam
1132 1902 1387 1999 systematioem
1403 1925 1474 1977 non
1498 1902 1636 1978 assidue
1659 1909 1737 1976 tum
1760 1924 1839 1976 vero
1860 1903 2075 2001 negligenter
2097 1911 2157 1978 aut
2175 1905 2272 1979 male

751 2019 943 2094 adhibitam
976 2028 1012 2094 et
1042 2021 1191 2120 denique
1221 2045 1331 2120 paene
1360 2021 1514 2096 relictam
1540 2045 1615 2096 esse
1636 2045 1776 2108 censeo,
1809 2028 1949 2120 pmpter
1972 2047 2078 2098 usum
2105 2024 2270 2122 frequen·

749 2137 925 2212 tissimum
956 2139 1049 2214 illius
1081 2140 1314 2239 investigandi
1345 2147 1381 2214 et
1406 2139 1566 2215 badendi
1589 2147 1651 2215 aut
1673 2140 1868 2239 exponendi
1893 2142 2053 2231 rationis,
2078 2143 2273 2242 Anelyseos

749 2257 889 2332 nomine
924 2259 1145 2358 conspicuae,
1183 2267 1219 2333 et
1248 2260 1292 2334 ab
1322 2260 1380 2334 illd
1414 2261 1603 2350 Method0,
1640 2283 1746 2359 quam
1775 2260 1812 2334 in
1841 2259 2029 2337 Dialectici
2058 2263 2270 2362 analyticam

748 2384 891 2466 vocant,
928 2377 1069 2452 omuino
1102 2378 1378 2478 distinguendae.
1428 2371 1583 2456 Praebet
1607 2381 1666 2456 ille
1697 2380 1786 2455 ratio
1808 2379 1941 2479 optima
1962 2379 2159 2478 inveniendi
2182 2385 2271 2458 sub·

751 2496 858 2585 sidia,
881 2496 1072 2596 indagandi
1092 2498 1262 2596 praesidia
1281 2499 1512 2590 validissima,
1537 2507 1573 2575 et
1587 2501 1727 2576 creandi
1746 2499 1873 2574 eximia
1894 2501 2112 2600 adjumenta,
2136 2503 2271 2601 quibus

750 2616 1010 2716 quamplurium
1042 2617 1224 2692 notionum
1254 2617 1534 2719 judiciorumque
1557 2644 1667 2695 nexus
1691 2628 1727 2694 et
1746 2619 1924 2696 vinculum
1945 2621 2041 2696 brevi
2063 2622 2272 2721 compendio

750 2735 929 2834 aptissime
961 2745 1256 2836 repraesentatur,
1288 2738 1338 2814 ita
1369 2746 1410 2814 ut
1438 2761 1558 2816 corum
1583 2741 1716 2844 indoles
1740 2765 1779 2815 ec
1799 2741 1886 2816 ratio
1914 2742 2169 2817 accuratissime
2190 2765 2272 2841 per·

751 2855 944 2954 cipiantur,
980 2855 1115 2952 aliaque
1146 2859 1257 2932 multa
1289 2865 1325 2932 et
1353 2883 1459 2947 nova,
1495 2885 1514 2934 e
1545 2861 1715 2958 perceptis
1748 2861 1851 2934 allata
1879 2868 1914 2934 et
1940 2845 2102 2950 adflura,
2135 2861 2272 2960 absque

750 2976 878 3072 magud
910 2971 1017 3046 animi
1041 2975 1280 3061 contentione,
1312 2975 1528 3048 deducantur
1551 2983 1586 3048 et
1612 2977 1841 3050 inveniantur.
1891 2978 1938 3054 Et
1962 2980 2120 3074 quamvis
2143 2981 2182 3055 in
2203 2979 2274 3056 hoc

752 3115 857 3165 eursu
895 3089 1096 3164 difficillime
1131 3113 1290 3188 quaeque
1330 3089 1432 3165 obvia
1477 3117 1552 3166 esse
1588 3098 1752 3190 possunt,
1788 3091 2008 3190 maximeque
2045 3119 2275 3195 progressum

751 3208 943 3307 impedire,
980 3207 1171 3306 aedemque
1203 3215 1245 3283 ut
1277 3207 1516 3286 dimoveantur
1546 3211 1703 3310 quamvis
1735 3207 1855 3283 subtili
1884 3209 2060 3284 interdum
2082 3220 2155 3287 arte
2178 3239 2277 3313 opus

753 3328 800 3404 sit
829 3327 1026 3428 magnique
1059 3327 1215 3418 solertiis,
1250 3333 1368 3403 tamen
1399 3337 1435 3418 et
1466 3331 1603 3432 saepius
1637 3330 1727 3406 viam
1754 3335 1897 3404 stratam
1922 3329 2147 3429 ingredimur.
2198 3335 2275 3410 Sed

751 3447 965 3547 percipiendi
992 3447 1052 3522 illa
1086 3447 1261 3537 celeritas,
1296 3449 1530 3548 conspiciendi
1557 3458 1592 3524 ot
1618 3448 1848 3549 perspiciendi
1870 3449 2033 3539 facilitas,
2057 3449 2272 3552 investigan-

753 3569 859 3667 dique
893 3567 1142 3656 commoditas,
1178 3567 1240 3642 sed
1269 3567 1391 3644 eadem
1416 3571 1599 3646 notionum
1621 3567 1901 3669 judiciorumque
1929 3569 2027 3668 copia
2051 3568 2269 3669 largissima,

753 3686 893 3762 abunde
929 3685 1074 3760 affluens
1112 3693 1148 3759 et
1171 3689 1312 3785 'practer
1341 3689 1486 3764 modum
1514 3689 1732 3776 redundans,
1758 3688 1827 3786 qud
1855 3687 2036 3762 obruimur
2056 3694 2092 3762 et
2114 3689 2268 3764 luxuria·

754 3831 854 3894 mur,
878 3829 1002 3880 causae
1027 3805 1182 3879 existunt
1204 3813 1267 3881 aut
1287 3829 1362 3892 esse
1382 3814 1550 3906 possunt,
1573 3831 1635 3882 eur
1655 3807 1691 3880 in
1712 3793 1827 3881 rerum
1848 3807 1959 3906 aequi
1979 3807 2268 3906 contemplatione

756 3933 791 4000 et
823 3926 979 3999 revocati
1009 3922 1234 4000 meditatione
1264 3949 1335 4000 non
1358 3926 1441 4000 setis
1467 3926 1530 4001 diu
1553 3949 1748 4014 moremur,
1772 3931 1810 4001 at
1830 3932 1959 4002 temere
1983 3927 2099 4026 potius
2124 3950 2268 4027 pergere

755 4041 976 4126 festinemus,
1018 4044 1076 4118 Ita
1105 4050 1223 4119 autem
1256 4069 1338 4121 cnm
1372 4045 1514 4121 inventu
1543 4051 1579 4120 et
1601 4045 1737 4120 deteda
1756 4046 1899 4120 seorsim
1923 4054 2076 4146 spectare
2099 4053 2135 4122 at
2155 4045 2267 4122 oonsi-

755 4165 893 4254 derare,
930 4163 1121 4263 eademque
1152 4163 1266 4264 magis
1298 4164 1445 4264 aperire,
1481 4165 1632 4264 expolire
1666 4176 1702 4239 et
1732 4165 1907 4241 absolvere
1937 4163 2172 4255 abstinemus,
2202 4173 2266 4240 aut

756 4285 910 4362 conferre
943 4283 1064 4358 eadem
1095 4280 1186 4358 inter
1220 4307 1313 4374 sese,
1344 4292 1544 4361 connectere
1572 4293 1723 4385 apteque
1750 4286 1930 4386 disponere
1950 4293 1986 4361 et
2006 4285 2177 4383 complere
2196 4307 2267 4360 nou

758 4422 940 4493 curamus,
973 4403 1078 4479 simul
1110 4402 1216 4478 etiam
1246 4401 1291 4478 de
1320 4408 1441 4481 normt
1467 4405 1687 4505 systematict
1707 4405 1922 4496 decedimus,
1945 4403 2084 4482 assidroe
2103 4427 2182 4479 eom
2204 4403 2266 4480 ad·

758 4527 877 4603 bibere
909 4525 1164 4617 desuescimus,
1199 4525 1392 4624 eidemque
1423 4537 1515 4602 reete
1548 4528 1603 4602 uti
1638 4526 1781 4602 tandem
1813 4525 2047 4625 negligimus„
2091 4519 2265 4611 Proiecto,

759 4671 848 4745 quac
879 4647 942 4724 tali
971 4647 1075 4722 modo
1100 4651 1362 4748 praetereuntur
1382 4646 1742 4748 necconspiciuntur,
1762 4643 1874 4745 jacere
1892 4645 1979 4721 adeo
1999 4650 2035 4720 et
2055 4643 2265 4744 inexplorate

639 4793 644 4804 =
758 4774 820 4839 aut
846 4763 1057 4846 inelaborata
1084 4789 1223 4845 mouere
1247 4789 1316 4844 non
1342 4765 1436 4868 passi
1461 4773 1576 4844 essent
1600 4763 1775 4867 praeteriti
1800 4765 1876 4843 aevi
1899 4762 2159 4855 Mathematici,
2184 4762 2265 4862 qui,
