4986 6200
719 673 762 738 m
865 743 872 756 ‚
1294 665 1333 734 c.
1367 666 1396 732 J.
1430 662 1654 734 vinnan

761 878 915 942 Amoenus
932 879 1019 953 XVI,
1040 897 1103 961 pag.
1122 885 1170 942 81.
1211 882 1264 942 Die
1287 887 1304 942 8
1325 881 1468 942 Februarii
1491 884 1570 940 1888
1594 879 1710 938 sesana
1736 873 1906 938 smdemicua
1933 893 2054 938 summos
2078 879 2108 938 in
2133 881 2230 944 Phile

721 983 821 1058 cophini
847 979 998 1042 thoretioc‘
1024 988 1051 1042 ot
1078 983 1184 1045 literis
1206 985 1407 1046 tuscanicae
1429 984 1560 1056 honores,
1584 980 1703 1042 remmia
1726 978 1912 1053 mnnita,
1931 978 2045 1040 homria
2065 981 2147 1042 oca
2165 1003 2230 1045 oon·

721 1083 783 1145 tulit
810 1085 840 1144 in
866 1083 948 1144 viros
974 1083 1156 1146 Dcotissimos
1177 1093 1377 1150 Asnananusr
1398 1081 1539 1161 Kornos,
1570 1083 1731 1162 Iieclopa‘ae
1751 1085 1910 1156 nouom,
1931 1083 2033 1159 nepas
2055 1085 2230 1148 Veneriae

719 1185 888 1263 Interpreta'r
909 1185 1085 1261 Arty'stcreaa,
1113 1195 1142 1250 et
1167 1191 1364 1252 Gnrmsurron
1388 1187 1669 1260 Wu1onr,natione
1689 1185 1817 1258 Scotum,
1838 1185 1898 1264 qni,
1918 1189 1950 1246 ut
1969 1189 2095 1248 coeunte
2114 1206 2230 1265 ocgaoa·

720 1293 808 1359 caret,
836 1307 969 1367 quaenam
996 1289 1160 1352 Academias
1186 1292 1456 1371 Lagnum-Batavus
1479 1287 1654 1352 Bibliotheca
1679 1287 1833 1348 Litsrarum
1856 1287 2028 1348 orientalium
2052 1287 2179 1350 mudicsis
2201 1296 2230 1352 et

719 1389 868 1450 cultoribus
893 1391 1013 1452 subsidia
1037 1393 1149 1472 praebat
1175 1397 1389 1474 maecbmdma
1413 1401 1442 1456 et
1466 1393 1674 1475 pretiosissima,
1699 1390 1860 1471 maeandra
1890 1407 1956 1451 vcro
1980 1395 2011 1450 ut
2036 1409 2071 1450 aa
2095 1391 2166 1464 Inoo,
2197 1395 2228 1453 in

718 1491 869 1552 studiorum
898 1511 1007 1553 suorum
1034 1497 1260 1570 emolumentum,
1287 1497 1418 1578 plurimos
1447 1503 1555 1577 caperat
1579 1495 1697 1567 finctus,
1725 1511 1774 1572 per
1798 1509 1902 1552 annum
1922 1491 2023 1552 Iasides
2043 1501 2228 1556 commoratus

718 1601 775 1667 est,
796 1613 964 1673 magnaeque
986 1595 1125 1658 doctrinae
1146 1603 1175 1659 et
1191 1601 1334 1678 signans
1348 1599 1495 1670 indumine
1511 1599 1651 1676 omagium
1671 1593 1747 1656 dedit
1766 1591 1977 1664 documentum,
1998 1611 2077 1664 oum,
2097 1594 2228 1656 suadente

718 1698 786 1756 viro
815 1696 858 1757 cl.
889 1697 988 1770 Dour,
1018 1699 1133 1774 librum,
1164 1703 1273 1780 anglico
1303 1721 1429 1764 ammona
1454 1701 1649 1782 conscriptum,
1681 1695 1796 1759 ediderit
1823 1713 1859 1756 cx
1888 1693 1968 1756 codd.
1999 1695 2099 1756 orient.
2127 1695 2169 1756 Μ.
2198 1699 2228 1756 S.

718 1800 772 1856 ΝΟ.
803 1799 910 1872 8880)
937 1801 1023 1875 lopati
1051 1803 1233 1865 Wurneaiuaai.
1272 1805 1356 1865 Itber
1381 1803 1537 1864 inscribitur
1566 1804 1622 1862 rus
1644 1801 1747 1860 nocais
1769 1802 1807 1874 of
1827 1799 1883 1859 Ian
1907 1797 2028 1858 Ionam
2070 1798 2177 1860 Editad
2192 1803 2225 1877 by

717 1899 859 1958 Wrnmars
886 1898 1028 1962 Weronn.
1067 1907 1191 1982 heyden
1222 1905 1258 1967 Ε.
1277 1908 1306 1968 J.
1326 1905 1436 1980 Burin,
1468 1907 1556 1965 lesu.
1605 1904 1700 1984 ipsum
1729 1899 1851 1962 codicem
1881 1899 2026 1980 descripsit
2055 1900 2099 1963 Oi.
2123 1901 2226 1974 Dona,

717 2003 745 2057 in
769 2003 858 2060 Ontol.
883 2001 964 2061 Oodd.
985 2003 1082 2066 aian.
1103 2008 1179 2070 Bur.
1199 2009 1400 2084 napa-Barac.
1421 2007 1485 2069 Vni
1505 2005 1545 2068 Π.
1567 2009 1640 2078 luo,
1661 2003 1712 2066 aab
1730 2003 1784 2062 Νι.
1804 2001 2018 2064 cccxxxvi.

1367 2235 1579 2251 m

754 2407 909 2470 ’11880ίᾶῖο
928 2411 1032 2483 XVII.
1052 2432 1115 2492 pag·
1139 2418 1185 2474 88.
1228 2418 1307 2478 Quae
1320 2415 1355 2478 ad
1375 2417 1531 2478 Anatomen
1547 2413 1578 2473 in
1590 2429 1705 2490 genere,
1727 2414 1755 2470 et
1774 2409 1810 2470 ad
1826 2411 2002 2472 maeoniam
2018 2411 2223 2492 pathologioam

716 2512 869 2590 speciatim,
898 2513 996 2590 majori
1019 2514 1109 2574 fructu
1135 2514 1287 2580 docendam
1313 2525 1342 2579 et
1368 2516 1511 2578 colendam
1529 2514 1682 2576 numanis
1697 2519 1761 2573 sunt
1784 2513 1932 2594 specimina
1951 2515 1980 2572 et
1998 2512 2163 2592 exemplaria
2180 2517 2226 2573 aut

715 2619 888 2692 praeparata,
908 2619 940 2672 nt
961 2621 1105 2689 vocantur,
1126 2637 1240 2680 numero
1260 2625 1289 2682 at
1307 2621 1437 2682 varietate
1457 2617 1605 2679 admodum
1620 2621 1684 2677 sunt
1704 2619 1798 2688 aucta,
1818 2615 1991 2694 maximaque
2009 2619 2140 2694 perpetuo
2161 2633 2226 2672 cura

713 2713 859 2774 adhibetur
882 2713 918 2774 de
945 2734 993 2789 eo,
1021 2735 1076 2795 quc
1099 2720 1175 2780 nulls
1193 2719 1396 2796 desiderentur,
1416 2739 1517 2802 eaque,
1538 2735 1607 2800 quae
1626 2717 1748 2779 novitate
1767 2723 1796 2777 et
1816 2717 1933 2778 utidtats
1953 2721 2017 2776 eunt
2035 2714 2223 2796 praestabilis,

713 2819 843 2876 continno
868 2815 967 2877 adsint.
1008 2817 1073 2880 Hoc
1096 2823 1181 2899 igitur
1202 2826 1314 2884 nomina
1342 2823 1491 2884 Theatrum
1521 2820 1706 2882 matomicurn
1729 2819 1813 2879 stiam
1833 2801 1918 2896 atquc
1936 2819 2018 2878 stiam
2037 2816 2226 2895 locupletatur.

712 2914 801 2978 Novis
828 2933 893 2976 vero
918 2919 1034 2992 scholis,
1062 2941 1146 3000 quaa,
1173 2923 1303 2985 madente
1328 2927 1397 2985 Viro
1423 2925 1571 2984 clarissimo
1598 2921 1763 2982 Anatomias
1784 2919 1957 2990 Professum,
1983 2937 2085 2994 magno
2104 2915 2227 2976 utilitatis

713 3021 803 3078 tinctu
830 3017 915 3076 habet
934 3019 987 3076 Vir
1012 3020 1184 3082 doctissimus
1203 3022 1231 3084 J.
1251 3027 1288 3083 A.
1308 3025 1488 3092 Βοοοιιιιιι,
1510 3019 1587 3080 Med.
1604 3019 1710 3078 Ductor
1730 3023 1757 3076 st
1775 3017 1805 3075 in
1825 3017 1947 3075 Theatno
1966 3023 2042 3077 anat.
2063 3018 2225 3088 Procoetor,

714 3121 801 3198 ipsam
820 3117 986 3175 Anatomiac
1005 3117 1177 3198 disciplinam
1196 3121 1276 3180 latius
1295 3119 1366 3180 tradi
1384 3119 1542 3198 pleniusque
1560 3117 1660 3195 exponi
1679 3116 1797 3192 gaudere
1816 3135 1969 3194 possumus.

754 3220 800 3276 Sic
828 3235 893 3275 vero
917 3217 1001 3276 etiam
1025 3221 1101 3279 Artis
1128 3221 1301 3281 obstetricias
1327 3220 1527 3279 institutionem
1552 3217 1677 3277 latiorem
1700 3223 1728 3276 et
1747 3217 1936 3296 mentorem
1956 3215 2066 3276 laudam
2085 3218 2163 3287 iicet,
2188 3218 2226 3277 ob

716 3315 906 3378 Policlinicum
933 3317 1135 3391 obstetricium,
1160 3321 1195 3379 ab
1219 3320 1286 3380 artis
1312 3317 1485 3378 obstetricias
1503 3317 1675 3390 Professors,
1703 3319 1771 3379 Viro
1798 3319 1947 3380 clariaiuno
1967 3326 1997 3380 et
2019 3320 2224 3400 expertissimo,

717 3421 790 3482 felici
816 3437 940 3479 successu
969 3421 1161 3493 constitutum,
1190 3441 1244 3500 quo
1264 3420 1373 3500 quidem
1390 3419 1507 3499 optime,
1528 3438 1598 3498 quae
1616 3419 1831 3493 desiderabatur,
1852 3419 1932 3480 datur
1950 3421 2150 3501 opportunitas,
2172 3423 2224 3500 quui

716 3521 836 3604 ‹puctidie
857 3525 885 3581 et
905 3522 978 3582 varic
998 3542 1027 3582 se
1049 3531 1193 3584 exerceant
1212 3524 1296 3584 futuri
1314 3522 1465 3582 medicinae
1485 3523 1597 3582 stertis
1617 3523 1789 3584 obstetricias
1808 3523 1952 3582 Doctores.

754 3629 805 3685 Est
835 3623 952 3700 denique
983 3625 1056 3702 quod
1083 3625 1161 3686 vaide
1187 3627 1319 3686 laetamur
1346 3624 1381 3684 de
1406 3625 1512 3684 meliori
1538 3623 1638 3703 dinque
1664 3625 1773 3704 optati,
1801 3643 1871 3702 quae
1894 3643 1980 3703 nuper
2007 3642 2137 3684 concessa
2165 3629 2221 3692 est,

716 3725 933 3808 opportunitate,
964 3728 1018 3805 quc
1049 3727 1171 3806 quidem,
1203 3725 1368 3788 Academiae
1398 3733 1427 3786 et
1455 3727 1541 3786 Urbis
1565 3725 1739 3786 Nosooomiis
1767 3724 1981 3802 conjungendis,
2012 3726 2077 3786 artis
2103 3724 2224 3787 medinm

717 3831 881 3892 institutioni
902 3830 1129 3892 fructuosissimae
1149 3829 1328 3910 amplissimos
1346 3827 1455 3890 dabitur
1472 3831 1557 3889 locus.

756 4242 910 4326 Annotuta'o
930 4241 1048 4312 XVIII,
1079 4259 1141 4320 pag.
1165 4243 1212 4299 33.
1256 4238 1370 4299 Referre
1396 4240 1492 4310 liceat,
1522 4257 1591 4316 qnae
1622 4237 1655 4298 ad
1686 4255 1774 4297 meam
1805 4236 1933 4296 notitiam
1960 4239 2155 4314 perrenemnt,
2186 4231 2221 4292 dc

717 4340 882 4402 Academiae
918 4341 1187 4419 Ligdum-Batavus
1224 4341 1411 4402 Professorum
1449 4340 1570 4420 seriptis,
1609 4359 1681 4400 anno
1711 4337 1866 4399 academico
1899 4340 2097 4398 lesu-1853
2133 4334 2221 4395 editis.

714 4445 821 4524 Nempe
842 4444 914 4512 edita
934 4449 997 4506 sunt
1016 4461 1084 4522 ques
1103 4443 1300 4503 inscribunturs

719 4566 722 4576 ·
753 4545 904 4605 Hondtcelc
922 4547 970 4606 der
990 4545 1160 4618 Birria-odo,
1181 4545 1250 4605 door
1268 4545 1297 4605 J.
1317 4557 1378 4606 vast
1399 4561 1460 4605 nnn
1479 4546 1618 4606 Hoeven.
1658 4543 1773 4605 Tncsde
1792 4541 1914 4618 uitgsve,
1935 4541 1967 4600 11
1985 4539 2065 4600 Dari·

757 4649 828 4706 Ooer
860 4649 960 4723 Vaccis
986 4647 1081 4707 condor
1104 4649 1221 4722 ampelo
1244 4667 1297 4707 oon
1324 4649 1422 4708 Nicon
1450 4646 1879 4720 &amdonitiones
1896 4642 2034 4704 Hoavss.
2074 4642 2221 4705 iuventtur

715 4751 743 4807 in
763 4769 844 4826 opere
865 4752 963 4809 Altum
982 4749 1030 4810 der
1049 4752 1178 4824 Natuur,
1202 4754 1295 4823 1853,
1315 4752 1344 4810 in
1364 4757 1453 4832 parte,
1475 4771 1544 4829 quac
1562 4749 1635 4809 edita
1654 4753 1696 4808 est
1716 4766 1809 4807 mense
1829 4745 1898 4808 Dec.
1921 4747 2010 4804 18⁵2.

755 4851 782 4908 J.
795 4851 986 4926 nummus,
1006 4852 1039 4912 de
1055 4853 1272 4916 oolnacktteden
1284 4873 1336 4916 oon
1348 4855 1398 4916 dea
1410 4855 1561 4930 behepper,
1579 4847 2068 4926 ena.,111Deel,doch.vaunra
2079 4844 2218 4906 Hoeven.
