4874 6182
840 711 1118 784 enarro.
1674 687 1804 784 101¹

273 915 393 996 Praais
417 927 534 995 antem
560 921 694 996 medica
720 923 806 1022 quid
824 925 954 1011 valeat,
979 947 1041 997 vos
1068 948 1110 996 ex
1135 947 1192 996 me
1212 921 1285 1021 jam
1306 929 1466 1020 rogantes
1487 923 1601 998 audio.

272 1043 396 1140 Apage
444 1040 539 1128 illos,
594 1041 674 1138 qui,
714 1043 841 1117 infelici
869 1023 1101 1142 'sceptioismo
1139 1041 1380 1140 indulgentes,
1420 1041 1503 1116 artis
1539 1040 1732 1116 salutiferae

224 1159 363 1258 egregia
393 1166 429 1232 et
454 1159 569 1256 ampla
591 1159 760 1257 praesidia
785 1185 923 1260 prorsus
947 1168 1110 1260 spernant
1135 1167 1170 1234 et
1191 1167 1335 1234 naturae
1354 1161 1596 1260 relinquendos
1614 1144 1760 1234 omnes
1815 1150 1819 1162 '

226 1276 362 1350 morbos
404 1277 579 1352 clamitare
623 1303 694 1354 non
727 1279 899 1354 dubitent.
956 1281 1096 1354 Adeant
1131 1278 1182 1352 illi
1217 1303 1337 1377 aegros
1373 1280 1493 1354 hernia
1529 1281 1736 1354 incarcerata

225 1397 439 1484 laborantes,
460 1397 521 1495 qni
544 1423 566 1472 a
585 1399 656 1472 solo
674 1399 826 1498 chirurgi
846 1399 1005 1498 scalpello
1027 1399 1175 1473 salutem
1193 1403 1409 1494 exspectant,
1426 1399 1733 1496 aneurysmaticos,

225 1515 355 1613 quibus
388 1517 563 1592 Damoclis
593 1517 729 1617 gladius
761 1519 898 1592 assidue
925 1518 1115 1618 impendit,
1148 1516 1219 1591 sola
1244 1516 1439 1615 operatione
1460 1517 1651 1615 chirurgica
1672 1542 1733 1591 au·

223 1635 395 1711 ferendus.
446 1635 597 1710 Videant
626 1661 702 1711 ossa
732 1637 861 1725 fracta,
896 1645 969 1712 arte
989 1638 1038 1712 ita
1063 1636 1229 1735 disposita
1254 1643 1294 1709 ut
1319 1635 1600 1734 absqueformae
1621 1644 1734 1710 muta·

224 1753 317 1828 tione
356 1755 567 1830 consolidata
603 1755 681 1830 sint.
741 1757 893 1831 Visitent
925 1757 1023 1846 illos,
1061 1757 1123 1855 qui
1155 1780 1301 1843 nasum,
1336 1755 1517 1853 palpebras
1550 1763 1611 1828 aut
1644 1753 1735 1828 labia

223 1872 403 1971 chirurgo,
438 1882 606 1972 tanquam
635 1875 733 1949 alteri
765 1876 985 1964 Prometheo,
1021 1883 1158 1976 recepta
1189 1899 1225 1948 se
1257 1872 1381 1948 debere
1417 1877 1638 1972 profitentur,
1674 1881 1735 1947 aut

223 1989 372 2087 quibus,
410 1999 579 2066 cataracte
614 1993 770 2080 sublata,
809 1994 903 2068 visus
938 1993 974 2067 'et
1007 2019 1088 2068 cum
1123 1993 1200 2067 visu
1236 1992 1325 2066 vitae
1369 1993 1509 2067 deliciae
1541 2001 1577 2068 et
1603 1992 1733 2067 utilitas

222 2108 405 2184 redonatae
426 2110 577 2185 fuerunt.
627 2112 781 2186 Naturae
801 2111 995 2186 laudatores
1017 2111 1143 2185 nimios
1164 2110 1208 2196 ad
1226 2133 1414 2208 puerperae
1435 2111 1562 2185 lectum
1581 2121 1732 2196 arcesso,

224 2227 285 2301 abi
324 2229 419 2303 haud
456 2253 532 2304 raro
567 2229 818 2305 obstetricatori
852 2232 1022 2330 contingit
1053 2229 1142 2305 hanc
1176 2228 1243 2302 sibi
1274 2229 1401 2303 habere
1435 2231 1572 2304 dulcem
1596 2254 1734 2328 persua-

210 2343 373 2422 sionem:
401 2349 536 2424 favente
559 2350 655 2438 Deo,
680 2351 766 2423 mihi
793 2351 921 2425 debent
943 2351 1090 2424 salutem
1114 2356 1150 2423 et
1174 2354 1284 2422 mater
1308 2355 1343 2421 et
1365 2347 1489 2424 infans.

271 2467 395 2564 Neque
437 2468 609 2544 medicina
651 2469 804 2557 interna,
846 2469 925 2545 licet
962 2468 1098 2567 saepius
1121 2449 1252 2540 'dubiis
1286 2475 1321 2540 et
1355 2467 1509 2542 obscuris
1539 2473 1734 2566 prematur,

223 2585 423 2683 excipienda
456 2593 518 2661 est.
569 2587 685 2662 Etiam
710 2588 793 2662 haec
824 2613 886 2663 sua
917 2589 1023 2663 habet
1055 2613 1143 2686 quae
1174 2593 1267 2660 certa
1292 2596 1374 2660 sunt
1399 2587 1569 2674 remedia,
1599 2595 1634 2660 et
1659 2587 1735 2684 jure

220 2729 274 2777 urs
298 2703 473 2778 salutifera
496 2706 606 2780 audit.
656 2707 745 2780 Ecce
768 2706 836 2781 tibi
856 2732 976 2805 aeger,
1006 2705 1111 2801 febris
1135 2705 1363 2804 apoplectioae
1390 2707 1525 2803 impetu
1545 2713 1733 2804 correptus.

221 2822 372 2895 Sollicite
414 2831 449 2896 et
485 2823 586 2897 anxie
621 2823 726 2898 febris
761 2823 1049 2899 intermissionem
1083 2825 1238 2898 medicus
1273 2825 1489 2922 speculatur,
1528 2833 1563 2898 et
1595 2825 1734 2898 chinino

220 2939 485 3028 administrato,
516 2941 663 3014 alterum
693 2941 884 3040 impeturn,
918 2966 1068 3040 eumque
1093 2942 1272 3048 mortalem
1293 2943 1470 3032 futurum,
1496 2951 1572 3016 tuto
1600 2943 1732 3018 avertit.

220 3059 322 3132 Alius
341 3083 511 3132 venenum
525 3059 657 3145 hausit,
675 3060 770 3156 quod
786 3060 941 3134 medicus
959 3059 1141 3133 arcessitus
1157 3059 1225 3132 nisi
1239 3061 1382 3134 emetioo
1399 3061 1606 3160 ejiciendum
1618 3071 1731 3149 curet,

219 3176 400 3274 propinato
414 3176 570 3252 antidoto
591 3177 771 3251 innoxium
787 3177 912 3252 reddit.
938 3177 1040 3250 Alius
1052 3177 1097 3250 ob
1111 3178 1272 3254 violatam
1284 3178 1487 3276 pudicitiam
1499 3179 1599 3253 foedo
1613 3181 1733 3254 morbo

219 3295 383 3384 afficitur,
410 3303 445 3368 et
467 3297 620 3383 melum,
645 3296 750 3370 etiam
771 3297 807 3369 in
829 3296 960 3396 prolem
984 3303 1199 3394 serpturum,
1224 3321 1307 3370 cura
1326 3298 1530 3394 tempestiva
1553 3298 1732 3374 exciditur.

221 3413 277 3486 Sic
295 3414 386 3488 inter
403 3415 555 3488 remedia
576 3415 675 3513 plura
696 3415 839 3504 dantur,
865 3416 1011 3515 quaein
1032 3415 1133 3489 certis
1152 3415 1423 3504 conditionibus,
1449 3417 1625 3490 communi
1643 3418 1732 3515 peri·

220 3541 334 3606 torum
357 3533 502 3631 judicio,
525 3533 570 3607 ad
595 3535 777 3607 sanitatem
806 3533 974 3607 tuendam
997 3540 1033 3607 et
1058 3533 1308 3614 restituendam
1334 3534 1485 3608 conferre
1510 3535 1634 3608 valent.

270 3652 455 3725 Saeculum
487 3652 557 3725 fere
591 3652 860 3750 praeterlapsum
890 3658 961 3740 est,
993 3676 1103 3750 quum
1137 3651 1380 3726 celeberrimus
1409 3654 1533 3727 Petrus
1563 3654 1729 3752 Comper,

220 3769 426 3844 ordinariam
451 3770 641 3844 medicinae
668 3770 913 3868 professionem
931 3771 980 3870 in
1004 3769 1131 3844 illustri
1154 3771 1529 3846 Amstelodamensium
1552 3771 1732 3848 Athenaeo

220 3890 480 3988 auspicaturus,
517 3889 561 3962 de
594 3897 683 3963 certo
716 3893 754 3963 in
782 3892 946 3964 medicina
980 3889 1118 3988 publice
1150 3889 1248 3966 dixit.
1299 3890 1578 3988 Symptomatum
1611 3915 1729 3966 oausa-

219 4033 367 4106 rumquo
388 4008 551 4083 indicavit
566 4016 676 4084 certas
692 4010 851 4084 notiones
867 4033 1055 4108 eorumque
1074 4009 1221 4109 pondus.
1270 4008 1325 4083 De
1345 4009 1429 4108 ipsis
1449 4010 1533 4084 artis
1550 4012 1728 4108 praesidiis

220 4153 343 4227 agens,
368 4129 638 4226 hydrargyrum,
662 4128 811 4216 ferrum,
836 4128 995 4204 corticem
1014 4129 1260 4228 peruvianum‚
1285 4129 1585 4218 anthelminthica‚
1609 4131 1728 4230 opium

221 4256 256 4318 et
282 4273 392 4346 pauca
418 4248 485 4321 alia
516 4245 635 4320 laudat
666 4256 832 4346 tanquam
859 4249 1087 4323 medicamina
1107 4248 1208 4323 certis
1226 4248 1263 4322 in
1286 4248 1424 4324 casibus
1443 4249 1606 4348 probatae
1633 4250 1725 4324 fidei.

222 4365 312 4438 Sunt
334 4366 418 4440 haec
443 4367 582 4455 eadem,
610 4367 816 4441 Auditores!
843 4367 886 4440 de
910 4393 1058 4466 quorum
1082 4368 1192 4466 pretio
1216 4367 1253 4440 in
1279 4367 1449 4440 similibus
1469 4366 1725 4442 conditionibus

221 4492 337 4558 nostra
373 4493 483 4559 aetate
513 4488 616 4586 periti
647 4487 876 4562 consentiunt.
923 4487 1101 4582 Praesidia
1132 4495 1230 4574 sunt,
1267 4485 1383 4583 qualia
1415 4486 1487 4560 sola
1519 4486 1727 4584 experientia

220 4599 382 4701 praebet,
421 4628 489 4677 non
528 4605 633 4692 ratio,
683 4629 831 4702 quorum
872 4603 961 4678 actio
997 4603 1156 4703 cognita,
1196 4629 1416 4702 nequaquam
1450 4605 1623 4679 intellecta
1661 4613 1724 4680 cst.

221 4723 427 4796 Perenniora
450 4732 530 4798 sunt
554 4725 713 4813 theoriis,
751 4730 870 4820 utpote
892 4748 912 4797 a
934 4723 1065 4797 theoria
1091 4724 1208 4798 libera.
1257 4725 1401 4800 Illorum
1426 4725 1494 4800 vim
1518 4724 1727 4800 salutiferam

221 4841 283 4938 qui
306 4866 432 4940 negare
450 4843 617 4933 audeant,
638 4845 749 4944 ipsam
772 4843 976 4920 evidentiam
998 4867 1123 4942 negare
1150 4843 1338 4920 rideantur.
