4986 6200
486 1590 709 1656 AUDITORES
729 1589 1036 1663 senonensem,
1057 1589 1377 1655 EXOPTATISSIMH

390 2167 514 2274 Tanta
541 2204 576 2271 et
601 2206 673 2272 tam
697 2196 823 2272 animia
843 2195 1019 2281 omnium,
1052 2193 1116 2268 noa
1143 2199 1274 2282 aetate,
1305 2194 1475 2294 imprimis
1498 2219 1577 2272 vero
1601 2196 1751 2296 discipli·

241 2340 363 2392 narum
403 2315 723 2396 mathematicorum
760 2323 796 2390 et
826 2314 1063 2415 physicarum,
1107 2319 1189 2388 sunt
1220 2310 1449 2404 incrementa.
1488 2321 1528 2390 ut
1559 2315 1647 2392 nulli
1681 2341 1751 2390 non

240 2443 447 2534 appareant,
477 2460 685 2536 omnesque,
720 2435 813 2512 docti
843 2441 879 2510 et
909 2431 1039 2508 indocti
1071 2431 1217 2532 pariter,
1251 2433 1440 2513 earundem
1464 2457 1667 2534 progressus
1690 2435 1750 2508 ad-

240 2555 414 2632 maeones
435 2579 505 2632 uno
529 2581 587 2632 ore
604 2557 788 2634 eelebrent.
838 2552 897 2630 Ad
916 2552 1009 2628 hunc
1029 2575 1233 2628 consensum
1255 2551 1285 2626 si
1305 2553 1537 2644 attendimus,
1563 2575 1752 2655 congruere

241 2682 276 2748 et
301 2675 505 2752 concordare
528 2675 709 2766 videntur,
741 2699 831 2776 quae
855 2673 1084 2772 discrepantia
1109 2673 1358 2762 censebantur,
1377 2717 1429 2736 -·
1449 2683 1512 2750 aut
1535 2673 1605 2750 iere
1630 2698 1751 2750 omnes

240 2801 418 2890 appetere,
452 2794 547 2890 quod
571 2795 686 2891 plures
715 2793 1039 2898 repudiabant„
1061 2800 1097 2864 et
1115 2792 1269 2890 judicare
1296 2793 1457 2870 videntur
1480 2791 1663 2891 permulti,
1689 2792 1751 2890 qui

239 2914 337 2986 tantd
370 2912 413 2986 de
440 2935 477 2986 re
508 2936 552 2986 ne
576 2911 727 3010 cogitare
757 2912 899 3010 quidem
920 2933 1021 3008 posse
1045 2910 1340 2988 existimabantur.
1391 2914 1516 3009 Itaque
1537 2911 1654 2987 cuncti
1681 2910 1751 2986 sere

239 3031 285 3104 ad
316 3035 449 3104 bonum
481 3031 721 3128 optimumque
754 3029 989 3116 contendunt,
1025 3030 1259 3104 —nonnulli
1290 3030 1531 3106 tantummodo
1568 3029 1751 3117 tardiores,

240 3157 275 3222 et
301 3148 401 3246 quasi
425 3149 615 3237 obcaecati,
642 3150 736 3225 houd
759 3149 946 3234 accedunt,
971 3191 1021 3208 ·-
1042 3146 1241 3244 paucissimi
1266 3147 1435 3246 denique,
1469 3155 1505 3222 et
1529 3148 1597 3222 rari
1625 3147 1749 3235 etiam,

241 3269 407 3363 casuque
440 3266 477 3340 in
504 3264 697 3364 frequentid
726 3266 824 3342 facile
853 3264 1035 3352 cernendi,
1068 3264 1251 3370 recedunt,
1281 3275 1343 3342 aut
1376 3266 1466 3343 mam
1490 3291 1606 3344 veram
1630 3266 1766 3356 illam,

239 3387 312 3484 jam
334 3387 407 3483 jam
430 3393 584 3483 apertam
607 3392 643 3458 et
666 3387 855 3473 munitam,
880 3385 1016 3484 ingredi
1040 3392 1209 3463 recusant.

290 3505 392 3580 Quae
425 3503 455 3576 si
485 3503 627 3578 fortasse
657 3505 769 3580 verbis
800 3505 905 3580 nimis
935 3510 1054 3581 ornata
1083 3511 1146 3578 aut
1169 3529 1230 3601 per
1247 3504 1365 3602 jocum
1388 3503 1503 3602 potius
1528 3527 1633 3601 quam
1658 3503 1746 3578 serio

242 3623 334 3696 dieta
368 3621 566 3708 videantur,
600 3628 752 3698 attamen
780 3623 996 3700 venseimum
1026 3623 1196 3722 profecto,
1228 3625 1323 3722 quod
1351 3648 1487 3698 summa
1508 3647 1628 3698 omnes
1651 3630 1746 3698 tenet

241 3739 441 3827 admiratio,
474 3739 536 3836 qui
559 3747 691 3814 vastem
714 3741 864 3818 necdum
888 3763 1062 3818 emensam
1085 3743 1343 3840 disciplinarum
1364 3743 1685 3820 mathematiearum
1711 3751 1747 3816 et

241 3859 461 3956 physicarum
485 3881 599 3932 aream
622 3858 842 3956 perlustrent.
1092 3853 1094 3858 ’

289 3977 450 4066 Etenim,
476 4001 684 4075 quocunque
703 3978 1001 4078 circumspiciunt,
1025 3981 1082 4056 vix
1099 3981 1210 4056 ullum
1227 3983 1377 4081 spatium
1395 3989 1540 4056 cernunt
1557 3981 1747 4082 indultum,

242 4122 304 4172 nec
333 4096 398 4170 iter
425 4096 651 4194 impervium,
684 4105 746 4176 aut
774 4099 942 4197 angulum
972 4100 1123 4199 aliquem
1147 4102 1304 4178 nondum
1327 4109 1559 4204 conspectum.
1608 4102 1749 4176 Fertilia

242 4216 372 4316 ubique
393 4223 576 4315 apparent,
603 4216 731 4292 sterilis
753 4241 937 4316 nusquam.
986 4220 1093 4298 Plena
1108 4229 1144 4294 et
1161 4230 1326 4320 occupata
1346 4229 1429 4298 sunt
1447 4221 1579 4308 omnis,
1604 4227 1745 4320 totaque

242 4335 356 4432 regio,
381 4334 580 4432 conspectui
602 4342 738 4433 aperta,
763 4336 934 4414 viriditate
960 4339 1090 4438 gaudet
1109 4340 1320 4440 floribusque
1340 4342 1465 4430 micat,
1490 4347 1551 4416 sut
1570 4340 1746 4438 segetibus

244 4453 455 4528 densissimis
483 4453 658 4542 abundet,
692 4455 820 4552 quibus
851 4457 992 4554 quidem
1021 4458 1206 4548 demessis,
1239 4461 1315 4560 ipsa
1338 4485 1434 4550 srva,
1460 4459 1575 4558 quiete
1597 4483 1667 4532 non
1692 4459 1744 4556 in-

244 4571 416 4669 digentis,
454 4597 542 4650 nova
575 4574 738 4650 continuo
773 4575 949 4674 excipiunt
978 4579 1128 4668 semina,
1163 4579 1258 4654 brevi
1290 4580 1518 4666 revirescunt,
1550 4564 1743 4680 no'voeque,

243 4691 513 4780 reflorescentes,
537 4693 653 4768 ierunt
671 4694 814 4772 fructus.
864 4695 938 4794 Ipsi
953 4705 1070 4774 autem
1091 4697 1195 4796 hujus
1213 4699 1426 4775 felicissimae
1444 4699 1592 4798 regionis
1612 4699 1743 4774 incolae

245 4834 332 4922 opus
355 4810 510 4908 gnaviter
525 4813 717 4910 perficiunt.
767 4813 926 4912 Plerique
942 4823 1094 4905 arentes,
1119 4815 1346 4909 seminantes,
1367 4817 1532 4908 colentes,
1555 4823 1744 4908 metentes,
