<?xml version="1.0" encoding="UTF-8"?>
<!DOCTYPE html PUBLIC "-//W3C//DTD XHTML 1.0 Transitional//EN"
    "http://www.w3.org/TR/xhtml1/DTD/xhtml1-transitional.dtd">
<html xmlns="http://www.w3.org/1999/xhtml" xml:lang="en" lang="en">
 <head>
  <title>
</title>
<meta http-equiv="Content-Type" content="text/html;charset=utf-8" />
  <meta name='ocr-system' content='tesseract 3.04.00' />
  <meta name='ocr-capabilities' content='ocr_page ocr_carea ocr_par ocr_line ocrx_word'/>
</head>
<body>
  <div class='ocr_page' id='page_1' title='image "annalesacademic02unkngoog_0037.png"; bbox 0 0 4986 6200; ppageno 0'>
   <div class='ocr_carea' id='block_1_1' title="bbox 701 703 1639 814">
    <p class='ocr_par' dir='ltr' id='par_1_1' title="bbox 701 703 1639 814">
     <span class='ocr_line' id='line_1_1' title="bbox 701 703 1639 814; baseline -0.002 -42"><span class='ocrx_word' id='word_1_1' title='bbox 701 707 745 774; x_wconf 77' lang='grc'><strong>26</strong></span> <span class='ocrx_word' id='word_1_2' title='bbox 795 803 800 814; x_wconf 30' lang='grc' dir='ltr'>ι</span> <span class='ocrx_word' id='word_1_3' title='bbox 1280 703 1319 771; x_wconf 88' lang='lat' dir='ltr'><strong>G.</strong></span> <span class='ocrx_word' id='word_1_4' title='bbox 1353 705 1382 772; x_wconf 90' lang='lat' dir='ltr'><strong>J.</strong></span> <span class='ocrx_word' id='word_1_5' title='bbox 1417 705 1639 775; x_wconf 72' lang='lat' dir='ltr'><strong>vunnim</strong></span> 
     </span>
    </p>
   </div>
   <div class='ocr_carea' id='block_1_2' title="bbox 659 849 2221 1010">
    <p class='ocr_par' dir='ltr' id='par_1_2' title="bbox 659 849 2221 1010">
     <span class='ocr_line' id='line_1_2' title="bbox 659 849 2221 1010; baseline -0.003 -20"><span class='ocrx_word' id='word_1_6' title='bbox 659 980 666 990; x_wconf 93' lang='lat'><strong>.</strong></span> <span class='ocrx_word' id='word_1_7' title='bbox 748 909 892 984; x_wconf 80' lang='lat' dir='ltr'>Honore</span> <span class='ocrx_word' id='word_1_8' title='bbox 920 908 1029 1008; x_wconf 88' lang='lat' dir='ltr'><strong>igitur</strong></span> <span class='ocrx_word' id='word_1_9' title='bbox 1054 933 1093 984; x_wconf 89' lang='lat' dir='ltr'><strong>ac</strong></span> <span class='ocrx_word' id='word_1_10' title='bbox 1120 907 1290 1008; x_wconf 76' lang='lat' dir='ltr'><strong>dignitate</strong></span> <span class='ocrx_word' id='word_1_11' title='bbox 1322 935 1402 986; x_wconf 92' lang='lat' dir='ltr'><strong>cum</strong></span> <span class='ocrx_word' id='word_1_12' title='bbox 1429 849 1582 1000; x_wconf 77' lang='lat' dir='ltr'><strong>floreret,</strong></span> <span class='ocrx_word' id='word_1_13' title='bbox 1616 875 1848 1010; x_wconf 87' lang='lat' dir='ltr'><strong>splendidiora</strong></span> <span class='ocrx_word' id='word_1_14' title='bbox 1871 933 1941 984; x_wconf 93' lang='lat' dir='ltr'><strong>non</strong></span> <span class='ocrx_word' id='word_1_15' title='bbox 1960 889 2130 1009; x_wconf 75' lang='lat' dir='ltr'><strong>optabat,</strong></span> <span class='ocrx_word' id='word_1_16' title='bbox 2153 932 2221 986; x_wconf 86' lang='lat' dir='ltr'><strong>nec</strong></span> 
     </span>
    </p>
   </div>
   <div class='ocr_carea' id='block_1_3' title="bbox 700 1027 2363 1129">
    <p class='ocr_par' dir='ltr' id='par_1_3' title="bbox 700 1027 2363 1129">
     <span class='ocr_line' id='line_1_3' title="bbox 700 1027 2363 1129; baseline 0.002 -29"><span class='ocrx_word' id='word_1_17' title='bbox 700 1027 807 1104; x_wconf 88' lang='lat' dir='ltr'><strong>ullum</strong></span> <span class='ocrx_word' id='word_1_18' title='bbox 852 1027 1060 1128; x_wconf 83' lang='lat' dir='ltr'><strong>provinciam</strong></span> <span class='ocrx_word' id='word_1_19' title='bbox 1107 1029 1281 1128; x_wconf 77' lang='lat' dir='ltr'>suscipere</span> <span class='ocrx_word' id='word_1_20' title='bbox 1329 1029 1536 1128; x_wconf 74' lang='lat' dir='ltr'><strong>cogitabat,</strong></span> <span class='ocrx_word' id='word_1_21' title='bbox 1568 1028 1614 1105; x_wconf 90' lang='lat' dir='ltr'><strong>ad</strong></span> <span class='ocrx_word' id='word_1_22' title='bbox 1654 1054 1760 1129; x_wconf 91' lang='lat' dir='ltr'><strong>quam</strong></span> <span class='ocrx_word' id='word_1_23' title='bbox 1793 1028 2105 1105; x_wconf 87' lang='lat' dir='ltr'><strong>administrandam</strong></span> <span class='ocrx_word' id='word_1_24' title='bbox 2138 1030 2219 1104; x_wconf 92' lang='lat' dir='ltr'><strong>urbi</strong></span> <span class='ocrx_word' id='word_1_25' title='bbox 2358 1055 2363 1062; x_wconf 92' lang='lat'>·</span> 
     </span>
    </p>
   </div>
   <div class='ocr_carea' id='block_1_4' title="bbox 621 1133 2220 3982">
    <p class='ocr_par' dir='ltr' id='par_1_4' title="bbox 621 1133 2220 3982">
     <span class='ocr_line' id='line_1_4' title="bbox 699 1133 2217 1246; baseline 0.001 -26"><span class='ocrx_word' id='word_1_26' title='bbox 699 1133 807 1222; x_wconf 81' lang='lat' dir='ltr'><strong>natali</strong></span> <span class='ocrx_word' id='word_1_27' title='bbox 850 1146 938 1222; x_wconf 78' lang='lat' dir='ltr'><strong>soret</strong></span> <span class='ocrx_word' id='word_1_28' title='bbox 982 1145 1254 1222; x_wconf 88' lang='lat' dir='ltr'><strong>valedicendum.</strong></span> <span class='ocrx_word' id='word_1_29' title='bbox 1319 1147 1455 1222; x_wconf 76' lang='lat' dir='ltr'><strong>Scilicet</strong></span> <span class='ocrx_word' id='word_1_30' title='bbox 1504 1147 1552 1221; x_wconf 92' lang='lat' dir='ltr'><strong>sic</strong></span> <span class='ocrx_word' id='word_1_31' title='bbox 1598 1146 1748 1246; x_wconf 88' lang='lat' dir='ltr'><strong>optavit;</strong></span> <span class='ocrx_word' id='word_1_32' title='bbox 1795 1147 1894 1222; x_wconf 85' lang='lat' dir='ltr'><strong>ahter</strong></span> <span class='ocrx_word' id='word_1_33' title='bbox 1936 1155 2054 1224; x_wconf 90' lang='lat' dir='ltr'><strong>autem</strong></span> <span class='ocrx_word' id='word_1_34' title='bbox 2092 1147 2217 1222; x_wconf 85' lang='lat' dir='ltr'><strong>evcnit.</strong></span> 
     </span>
     <span class='ocr_line' id='line_1_5' title="bbox 700 1251 2219 1366; baseline 0.001 -26"><span class='ocrx_word' id='word_1_35' title='bbox 700 1251 885 1342; x_wconf 81' lang='lat' dir='ltr'><strong>Doctrinae</strong></span> <span class='ocrx_word' id='word_1_36' title='bbox 919 1267 1048 1342; x_wconf 78' lang='lat' dir='ltr'><strong>etenim</strong></span> <span class='ocrx_word' id='word_1_37' title='bbox 1075 1273 1112 1340; x_wconf 92' lang='lat' dir='ltr'><strong>et</strong></span> <span class='ocrx_word' id='word_1_38' title='bbox 1134 1264 1338 1342; x_wconf 89' lang='lat' dir='ltr'><strong>eruditionis</strong></span> <span class='ocrx_word' id='word_1_39' title='bbox 1361 1267 1570 1365; x_wconf 71' lang='lat' dir='ltr'><strong>praestantii</strong></span> <span class='ocrx_word' id='word_1_40' title='bbox 1595 1267 1690 1342; x_wconf 90' lang='lat' dir='ltr'><strong>haud</strong></span> <span class='ocrx_word' id='word_1_41' title='bbox 1713 1266 1831 1340; x_wconf 90' lang='lat' dir='ltr'><strong>minus</strong></span> <span class='ocrx_word' id='word_1_42' title='bbox 1854 1290 1958 1364; x_wconf 93' lang='lat' dir='ltr'><strong>quam</strong></span> <span class='ocrx_word' id='word_1_43' title='bbox 1989 1267 2219 1366; x_wconf 89' lang='lat' dir='ltr'><strong>cognoscendi</strong></span> 
     </span>
     <span class='ocr_line' id='line_1_6' title="bbox 657 1381 2218 1486; baseline 0.001 -28"><span class='ocrx_word' id='word_1_44' title='bbox 657 1381 659 1386; x_wconf 74' lang='grc'><strong>’</strong></span> <span class='ocrx_word' id='word_1_45' title='bbox 700 1392 735 1458; x_wconf 91' lang='lat' dir='ltr'><strong>et</strong></span> <span class='ocrx_word' id='word_1_46' title='bbox 760 1384 992 1485; x_wconf 87' lang='lat' dir='ltr'><strong>investigandi</strong></span> <span class='ocrx_word' id='word_1_47' title='bbox 1016 1384 1186 1458; x_wconf 73' lang='lat' dir='ltr'><strong>industrii</strong></span> <span class='ocrx_word' id='word_1_48' title='bbox 1209 1385 1418 1484; x_wconf 78' lang='lat' dir='ltr'><strong>praecelluit.</strong></span> <span class='ocrx_word' id='word_1_49' title='bbox 1470 1387 1564 1486; x_wconf 84' lang='lat' dir='ltr'><strong>Ergo</strong></span> <span class='ocrx_word' id='word_1_50' title='bbox 1586 1393 1621 1460; x_wconf 91' lang='lat' dir='ltr'><strong>et</strong></span> <span class='ocrx_word' id='word_1_51' title='bbox 1643 1385 1801 1485; x_wconf 90' lang='lat' dir='ltr'><strong>pluribus</strong></span> <span class='ocrx_word' id='word_1_52' title='bbox 1821 1385 1949 1460; x_wconf 89' lang='lat' dir='ltr'><strong>artium</strong></span> <span class='ocrx_word' id='word_1_53' title='bbox 1969 1385 2218 1461; x_wconf 86' lang='lat' dir='ltr'><strong>doctrinarum·</strong></span> 
     </span>
     <span class='ocr_line' id='line_1_7' title="bbox 698 1503 2218 1606; baseline 0.004 -30"><span class='ocrx_word' id='word_1_54' title='bbox 698 1528 768 1602; x_wconf 90' lang='lat' dir='ltr'><strong>que</strong></span> <span class='ocrx_word' id='word_1_55' title='bbox 798 1503 1047 1593; x_wconf 88' lang='lat' dir='ltr'><strong>Societatibus,</strong></span> <span class='ocrx_word' id='word_1_56' title='bbox 1077 1529 1164 1602; x_wconf 92' lang='lat' dir='ltr'><strong>quas</strong></span> <span class='ocrx_word' id='word_1_57' title='bbox 1188 1512 1331 1594; x_wconf 89' lang='lat' dir='ltr'><strong>vocant,</strong></span> <span class='ocrx_word' id='word_1_58' title='bbox 1356 1513 1429 1582; x_wconf 91' lang='lat' dir='ltr'><strong>erat</strong></span> <span class='ocrx_word' id='word_1_59' title='bbox 1455 1507 1667 1606; x_wconf 89' lang='lat' dir='ltr'><strong>adscriptus,</strong></span> <span class='ocrx_word' id='word_1_60' title='bbox 1692 1513 1726 1580; x_wconf 91' lang='lat' dir='ltr'><strong>et</strong></span> <span class='ocrx_word' id='word_1_61' title='bbox 1749 1505 1929 1579; x_wconf 85' lang='lat' dir='ltr'><strong>doctorum</strong></span> <span class='ocrx_word' id='word_1_62' title='bbox 1957 1504 2129 1596; x_wconf 83' lang='lat' dir='ltr'><strong>viromm,</strong></span> <span class='ocrx_word' id='word_1_63' title='bbox 2155 1510 2218 1604; x_wconf 89' lang='lat' dir='ltr'><strong>qui</strong></span> 
     </span>
     <span class='ocr_line' id='line_1_8' title="bbox 697 1605 2219 1726; baseline 0.001 -30"><span class='ocrx_word' id='word_1_64' title='bbox 697 1625 734 1696; x_wconf 91' lang='lat' dir='ltr'><strong>in</strong></span> <span class='ocrx_word' id='word_1_65' title='bbox 759 1605 958 1721; x_wconf 89' lang='lat' dir='ltr'><strong>disciplinas</strong></span> <span class='ocrx_word' id='word_1_66' title='bbox 979 1624 1193 1699; x_wconf 88' lang='lat' dir='ltr'><strong>exomendas</strong></span> <span class='ocrx_word' id='word_1_67' title='bbox 1216 1649 1355 1700; x_wconf 89' lang='lat' dir='ltr'><strong>omnem</strong></span> <span class='ocrx_word' id='word_1_68' title='bbox 1378 1651 1518 1726; x_wconf 92' lang='lat' dir='ltr'><strong>operam</strong></span> <span class='ocrx_word' id='word_1_69' title='bbox 1540 1624 1778 1714; x_wconf 81' lang='lat' dir='ltr'><strong>conferebant,</strong></span> <span class='ocrx_word' id='word_1_70' title='bbox 1804 1624 1917 1699; x_wconf 86' lang='lat' dir='ltr'><strong>socius</strong></span> <span class='ocrx_word' id='word_1_71' title='bbox 1940 1631 2013 1698; x_wconf 91' lang='lat' dir='ltr'><strong>erat</strong></span> <span class='ocrx_word' id='word_1_72' title='bbox 2038 1632 2219 1712; x_wconf 75' lang='lat' dir='ltr'><strong>abentius,</strong></span> 
     </span>
     <span class='ocr_line' id='line_1_9' title="bbox 697 1742 2212 1844; baseline 0.003 -29"><span class='ocrx_word' id='word_1_73' title='bbox 697 1742 941 1842; x_wconf 90' lang='lat' dir='ltr'><strong>dignissimum</strong></span> <span class='ocrx_word' id='word_1_74' title='bbox 979 1768 1084 1843; x_wconf 93' lang='lat' dir='ltr'><strong>quem</strong></span> <span class='ocrx_word' id='word_1_75' title='bbox 1114 1744 1290 1820; x_wconf 88' lang='lat' dir='ltr'><strong>habebant</strong></span> <span class='ocrx_word' id='word_1_76' title='bbox 1323 1745 1509 1843; x_wconf 91' lang='lat' dir='ltr'><strong>aliquando</strong></span> <span class='ocrx_word' id='word_1_77' title='bbox 1547 1746 1609 1844; x_wconf 93' lang='lat' dir='ltr'><strong>qui</strong></span> <span class='ocrx_word' id='word_1_78' title='bbox 1648 1769 1778 1819; x_wconf 90' lang='lat' dir='ltr'><strong>munus</strong></span> <span class='ocrx_word' id='word_1_79' title='bbox 1814 1743 2060 1843; x_wconf 77' lang='lat' dir='ltr'><strong>professoriam</strong></span> <span class='ocrx_word' id='word_1_80' title='bbox 2090 1743 2212 1820; x_wconf 87' lang='lat' dir='ltr'><strong>obiret.</strong></span> 
     </span>
     <span class='ocr_line' id='line_1_10' title="bbox 697 1861 2216 1962; baseline 0 -26"><span class='ocrx_word' id='word_1_81' title='bbox 697 1861 855 1960; x_wconf 78' lang='lat' dir='ltr'>Rogatus</span> <span class='ocrx_word' id='word_1_82' title='bbox 875 1869 1009 1950; x_wconf 89' lang='lat' dir='ltr'><strong>autem,</strong></span> <span class='ocrx_word' id='word_1_83' title='bbox 1035 1864 1206 1962; x_wconf 83' lang='lat' dir='ltr'><strong>suscipere</strong></span> <span class='ocrx_word' id='word_1_84' title='bbox 1228 1871 1442 1948; x_wconf 88' lang='lat' dir='ltr'><strong>recusaverat</strong></span> <span class='ocrx_word' id='word_1_85' title='bbox 1448 1895 1458 1950; x_wconf 88' lang='lat'>;</span> <span class='ocrx_word' id='word_1_86' title='bbox 1482 1863 1678 1961; x_wconf 86' lang='lat' dir='ltr'><strong>iterumque</strong></span> <span class='ocrx_word' id='word_1_87' title='bbox 1696 1863 1844 1950; x_wconf 85' lang='lat' dir='ltr'><strong>lecerat,</strong></span> <span class='ocrx_word' id='word_1_88' title='bbox 1868 1861 2007 1938; x_wconf 74' lang='lat' dir='ltr'><strong>conditi</strong></span> <span class='ocrx_word' id='word_1_89' title='bbox 2024 1862 2216 1938; x_wconf 74' lang='lat' dir='ltr'><strong>Academib</strong></span> 
     </span>
     <span class='ocr_line' id='line_1_11' title="bbox 699 1980 2215 2081; baseline 0.001 -27"><span class='ocrx_word' id='word_1_90' title='bbox 699 1981 943 2069; x_wconf 79' lang='lat' dir='ltr'><strong>(landavensi,</strong></span> <span class='ocrx_word' id='word_1_91' title='bbox 974 2006 1038 2056; x_wconf 91' lang='lat' dir='ltr'><strong>nec</strong></span> <span class='ocrx_word' id='word_1_92' title='bbox 1062 1981 1164 2056; x_wconf 90' lang='lat' dir='ltr'><strong>aliam</strong></span> <span class='ocrx_word' id='word_1_93' title='bbox 1187 1982 1257 2056; x_wconf 85' lang='lat' dir='ltr'><strong>lere</strong></span> <span class='ocrx_word' id='word_1_94' title='bbox 1278 1989 1432 2057; x_wconf 90' lang='lat' dir='ltr'><strong>mentem</strong></span> <span class='ocrx_word' id='word_1_95' title='bbox 1453 1981 1734 2081; x_wconf 85' lang='lat' dir='ltr'><strong>voluntatemque</strong></span> <span class='ocrx_word' id='word_1_96' title='bbox 1756 1980 1897 2068; x_wconf 89' lang='lat' dir='ltr'><strong>habuit,</strong></span> <span class='ocrx_word' id='word_1_97' title='bbox 1922 2005 2032 2079; x_wconf 94' lang='lat' dir='ltr'><strong>quum</strong></span> <span class='ocrx_word' id='word_1_98' title='bbox 2054 1981 2215 2056; x_wconf 89' lang='lat' dir='ltr'><strong>cathedra</strong></span> 
     </span>
     <span class='ocr_line' id='line_1_12' title="bbox 695 2099 2215 2199; baseline 0 -25"><span class='ocrx_word' id='word_1_99' title='bbox 695 2100 733 2174; x_wconf 92' lang='lat' dir='ltr'><strong>iu</strong></span> <span class='ocrx_word' id='word_1_100' title='bbox 769 2104 886 2175; x_wconf 76' lang='lat' dir='ltr'><strong>nostrl</strong></span> <span class='ocrx_word' id='word_1_101' title='bbox 919 2101 1108 2176; x_wconf 76' lang='lat' dir='ltr'><strong>Academih</strong></span> <span class='ocrx_word' id='word_1_102' title='bbox 1145 2102 1177 2175; x_wconf 89' lang='lat' dir='ltr'><strong>ei</strong></span> <span class='ocrx_word' id='word_1_103' title='bbox 1213 2101 1443 2190; x_wconf 79' lang='lat' dir='ltr'><strong>offerebatnr3</strong></span> <span class='ocrx_word' id='word_1_104' title='bbox 1477 2125 1590 2199; x_wconf 89' lang='lat' dir='ltr'><strong>neque</strong></span> <span class='ocrx_word' id='word_1_105' title='bbox 1621 2100 1710 2176; x_wconf 89' lang='lat' dir='ltr'><strong>hanc</strong></span> <span class='ocrx_word' id='word_1_106' title='bbox 1733 2099 1920 2199; x_wconf 89' lang='lat' dir='ltr'><strong>accepisset</strong></span> <span class='ocrx_word' id='word_1_107' title='bbox 1929 2099 1946 2188; x_wconf 85' lang='lat'><strong>,&#39;</strong></span> <span class='ocrx_word' id='word_1_108' title='bbox 1963 2099 2033 2174; x_wconf 85' lang='lat' dir='ltr'><strong>nisi</strong></span> <span class='ocrx_word' id='word_1_109' title='bbox 2057 2107 2093 2174; x_wconf 92' lang='lat' dir='ltr'><strong>et</strong></span> <span class='ocrx_word' id='word_1_110' title='bbox 2112 2100 2215 2174; x_wconf 91' lang='lat' dir='ltr'><strong>amici</strong></span> 
     </span>
     <span class='ocr_line' id='line_1_13' title="bbox 698 2218 2213 2320; baseline 0.001 -28"><span class='ocrx_word' id='word_1_111' title='bbox 698 2227 733 2292; x_wconf 88' lang='lat' dir='ltr'><strong>et</strong></span> <span class='ocrx_word' id='word_1_112' title='bbox 778 2218 1079 2296; x_wconf 88' lang='lat' dir='ltr'><strong>celeberrimorum</strong></span> <span class='ocrx_word' id='word_1_113' title='bbox 1122 2219 1384 2320; x_wconf 86' lang='lat' dir='ltr'><strong>praeceptorum</strong></span> <span class='ocrx_word' id='word_1_114' title='bbox 1424 2245 1516 2295; x_wconf 91' lang='lat' dir='ltr'><strong>unus</strong></span> <span class='ocrx_word' id='word_1_115' title='bbox 1558 2221 1825 2296; x_wconf 81' lang='lat' dir='ltr'><strong>Banorrausws</strong></span> <span class='ocrx_word' id='word_1_116' title='bbox 1870 2227 2067 2317; x_wconf 87' lang='lat' dir='ltr'><strong>superstes,</strong></span> <span class='ocrx_word' id='word_1_117' title='bbox 2106 2220 2213 2294; x_wconf 89' lang='lat' dir='ltr'><strong>etiam</strong></span> 
     </span>
     <span class='ocr_line' id='line_1_14' title="bbox 621 2337 2213 2438; baseline -0.002 -25"><span class='ocrx_word' id='word_1_118' title='bbox 621 2345 624 2350; x_wconf 84' lang='lat'>&#39;</span> <span class='ocrx_word' id='word_1_119' title='bbox 696 2347 801 2438; x_wconf 87' lang='lat' dir='ltr'><strong>atque</strong></span> <span class='ocrx_word' id='word_1_120' title='bbox 825 2339 944 2414; x_wconf 86' lang='lat' dir='ltr'><strong>etiam</strong></span> <span class='ocrx_word' id='word_1_121' title='bbox 959 2347 962 2358; x_wconf 89' lang='lat'>&#39;</span> <span class='ocrx_word' id='word_1_122' title='bbox 978 2340 1240 2415; x_wconf 76' lang='lat' dir='ltr'><strong>admonuissent</strong></span> <span class='ocrx_word' id='word_1_123' title='bbox 1271 2346 1306 2414; x_wconf 89' lang='lat' dir='ltr'><strong>et</strong></span> <span class='ocrx_word' id='word_1_124' title='bbox 1333 2337 1541 2428; x_wconf 89' lang='lat' dir='ltr'><strong>suasissent,</strong></span> <span class='ocrx_word' id='word_1_125' title='bbox 1577 2345 1618 2414; x_wconf 92' lang='lat' dir='ltr'><strong>ut</strong></span> <span class='ocrx_word' id='word_1_126' title='bbox 1647 2337 1817 2414; x_wconf 79' lang='lat' dir='ltr'><strong>sentcntii</strong></span> <span class='ocrx_word' id='word_1_127' title='bbox 1845 2337 2036 2413; x_wconf 85' lang='lat' dir='ltr'><strong>desisteret.</strong></span> <span class='ocrx_word' id='word_1_128' title='bbox 2086 2339 2213 2437; x_wconf 89' lang='lat' dir='ltr'><strong>Itaque</strong></span> 
     </span>
     <span class='ocr_line' id='line_1_15' title="bbox 697 2455 2214 2558; baseline -0.001 -26"><span class='ocrx_word' id='word_1_129' title='bbox 697 2459 799 2533; x_wconf 82' lang='lat' dir='ltr'><strong>cessit</strong></span> <span class='ocrx_word' id='word_1_130' title='bbox 829 2467 866 2533; x_wconf 91' lang='lat' dir='ltr'><strong>et</strong></span> <span class='ocrx_word' id='word_1_131' title='bbox 899 2457 1170 2558; x_wconf 83' lang='lat' dir='ltr'><strong>obtemperarit,</strong></span> <span class='ocrx_word' id='word_1_132' title='bbox 1209 2467 1244 2533; x_wconf 91' lang='lat' dir='ltr'><strong>et</strong></span> <span class='ocrx_word' id='word_1_133' title='bbox 1275 2459 1471 2534; x_wconf 80' lang='lat' dir='ltr'><strong>Medicinae</strong></span> <span class='ocrx_word' id='word_1_134' title='bbox 1499 2458 1671 2557; x_wconf 89' lang='lat' dir='ltr'><strong>imprimis</strong></span> <span class='ocrx_word' id='word_1_135' title='bbox 1692 2457 1862 2558; x_wconf 87' lang='lat' dir='ltr'><strong>practicae</strong></span> <span class='ocrx_word' id='word_1_136' title='bbox 1885 2455 2132 2556; x_wconf 86' lang='lat' dir='ltr'><strong>professionem</strong></span> <span class='ocrx_word' id='word_1_137' title='bbox 2160 2481 2214 2530; x_wconf 93' lang='lat' dir='ltr'><strong>cr-</strong></span> 
     </span>
     <span class='ocr_line' id='line_1_16' title="bbox 696 2563 2218 2678; baseline -0.001 -27"><span class='ocrx_word' id='word_1_138' title='bbox 696 2563 865 2653; x_wconf 85' lang='lat' dir='ltr'><strong>dinariam</strong></span> <span class='ocrx_word' id='word_1_139' title='bbox 900 2578 1085 2653; x_wconf 87' lang='lat' dir='ltr'><strong>solenniter</strong></span> <span class='ocrx_word' id='word_1_140' title='bbox 1121 2579 1319 2678; x_wconf 87' lang='lat' dir='ltr'><strong>auspicatus</strong></span> <span class='ocrx_word' id='word_1_141' title='bbox 1353 2585 1407 2653; x_wconf 90' lang='lat' dir='ltr'><strong>est</strong></span> <span class='ocrx_word' id='word_1_142' title='bbox 1433 2579 1479 2654; x_wconf 87' lang='lat' dir='ltr'><strong>ed</strong></span> <span class='ocrx_word' id='word_1_143' title='bbox 1506 2577 1599 2653; x_wconf 87' lang='lat' dir='ltr'><strong>diem</strong></span> <span class='ocrx_word' id='word_1_144' title='bbox 1635 2581 1656 2654; x_wconf 86' lang='grc'><strong>7</strong></span> <span class='ocrx_word' id='word_1_145' title='bbox 1683 2577 1805 2652; x_wconf 88' lang='lat' dir='ltr'><strong>Martii</strong></span> <span class='ocrx_word' id='word_1_146' title='bbox 1830 2600 1922 2651; x_wconf 87' lang='lat' dir='ltr'><strong>anno</strong></span> <span class='ocrx_word' id='word_1_147' title='bbox 1949 2577 2063 2663; x_wconf 84' lang='lat'><strong>1818,</strong></span> <span class='ocrx_word' id='word_1_148' title='bbox 2097 2575 2218 2650; x_wconf 77' lang='lat' dir='ltr'><strong>habital</strong></span> 
     </span>
     <span class='ocr_line' id='line_1_17' title="bbox 693 2693 2220 2798; baseline -0.003 -28"><span class='ocrx_word' id='word_1_149' title='bbox 693 2696 848 2771; x_wconf 88' lang='lat' dir='ltr'><strong>oratione</strong></span> <span class='ocrx_word' id='word_1_150' title='bbox 879 2699 922 2771; x_wconf 85' lang='lat' dir='ltr'><strong>de</strong></span> <span class='ocrx_word' id='word_1_151' title='bbox 952 2699 1086 2772; x_wconf 82' lang='lat' dir='ltr'><strong>ratione</strong></span> <span class='ocrx_word' id='word_1_152' title='bbox 1117 2699 1353 2795; x_wconf 64' lang='lat' dir='ltr'><strong>hippocratica*</strong></span> <span class='ocrx_word' id='word_1_153' title='bbox 1359 2757 1370 2786; x_wconf 97' lang='lat'><strong>,</strong></span> <span class='ocrx_word' id='word_1_154' title='bbox 1393 2699 1515 2772; x_wconf 66' lang='lat' dir='ltr'><strong>noster*</strong></span> <span class='ocrx_word' id='word_1_155' title='bbox 1541 2723 1607 2772; x_wconf 80' lang='lat' dir='ltr'><strong>noa</strong></span> <span class='ocrx_word' id='word_1_156' title='bbox 1631 2699 1741 2773; x_wconf 80' lang='lat' dir='ltr'><strong>minuc</strong></span> <span class='ocrx_word' id='word_1_157' title='bbox 1762 2723 1863 2798; x_wconf 71' lang='lat' dir='ltr'><strong>quom</strong></span> <span class='ocrx_word' id='word_1_158' title='bbox 1888 2693 2074 2770; x_wconf 85' lang='lat' dir='ltr'><strong>Boerhnvii</strong></span> <span class='ocrx_word' id='word_1_159' title='bbox 2101 2701 2220 2768; x_wconf 84' lang='lat' dir='ltr'><strong>aetate</strong></span> 
     </span>
     <span class='ocr_line' id='line_1_18' title="bbox 693 2811 2218 2914; baseline -0.004 -25"><span class='ocrx_word' id='word_1_160' title='bbox 693 2816 961 2891; x_wconf 63' lang='lat' dir='ltr'><strong>commendanda.</strong></span> <span class='ocrx_word' id='word_1_161' title='bbox 1013 2815 1092 2890; x_wconf 79' lang='lat' dir='ltr'><strong>Hic</strong></span> <span class='ocrx_word' id='word_1_162' title='bbox 1111 2816 1253 2914; x_wconf 88' lang='lat' dir='ltr'><strong>quidem</strong></span> <span class='ocrx_word' id='word_1_163' title='bbox 1274 2816 1444 2905; x_wconf 91' lang='lat' dir='ltr'><strong>oratione,</strong></span> <span class='ocrx_word' id='word_1_164' title='bbox 1469 2817 1566 2892; x_wconf 86' lang='lat' dir='ltr'><strong>brevi</strong></span> <span class='ocrx_word' id='word_1_165' title='bbox 1585 2817 1775 2890; x_wconf 86' lang='lat' dir='ltr'><strong>admodum</strong></span> <span class='ocrx_word' id='word_1_166' title='bbox 1792 2816 1853 2889; x_wconf 79' lang='lat' dir='ltr'><strong>illa</strong></span> <span class='ocrx_word' id='word_1_167' title='bbox 1873 2821 1910 2890; x_wconf 90' lang='lat' dir='ltr'><strong>at</strong></span> <span class='ocrx_word' id='word_1_168' title='bbox 1931 2813 2076 2888; x_wconf 88' lang='lat' dir='ltr'><strong>minime</strong></span> <span class='ocrx_word' id='word_1_169' title='bbox 2097 2811 2218 2898; x_wconf 85' lang='lat' dir='ltr'><strong>tenui,</strong></span> 
     </span>
     <span class='ocr_line' id='line_1_19' title="bbox 694 2932 2218 3031; baseline -0.001 -24"><span class='ocrx_word' id='word_1_170' title='bbox 694 2957 737 3007; x_wconf 84' lang='lat' dir='ltr'><strong>ex</strong></span> <span class='ocrx_word' id='word_1_171' title='bbox 762 2933 885 3006; x_wconf 81' lang='lat' dir='ltr'><strong>intima</strong></span> <span class='ocrx_word' id='word_1_172' title='bbox 914 2957 1031 3020; x_wconf 80' lang='lat' dir='ltr'><strong>rerum</strong></span> <span class='ocrx_word' id='word_1_173' title='bbox 1056 2934 1272 3030; x_wconf 91' lang='lat' dir='ltr'><strong>cognitione,</strong></span> <span class='ocrx_word' id='word_1_174' title='bbox 1297 2959 1403 3030; x_wconf 89' lang='lat' dir='ltr'><strong>quem</strong></span> <span class='ocrx_word' id='word_1_175' title='bbox 1425 2935 1713 3031; x_wconf 89' lang='lat' dir='ltr'><strong>contemplatione</strong></span> <span class='ocrx_word' id='word_1_176' title='bbox 1733 2959 1773 3007; x_wconf 92' lang='lat' dir='ltr'><strong>ac</strong></span> <span class='ocrx_word' id='word_1_177' title='bbox 1794 2934 2020 3008; x_wconf 86' lang='lat' dir='ltr'><strong>meditatione</strong></span> <span class='ocrx_word' id='word_1_178' title='bbox 2042 2932 2218 3030; x_wconf 89' lang='lat' dir='ltr'><strong>longoque</strong></span> 
     </span>
     <span class='ocr_line' id='line_1_20' title="bbox 694 3050 2215 3149; baseline -0.002 -24"><span class='ocrx_word' id='word_1_179' title='bbox 694 3075 763 3125; x_wconf 86' lang='lat' dir='ltr'><strong>usu</strong></span> <span class='ocrx_word' id='word_1_180' title='bbox 795 3050 863 3125; x_wconf 89' lang='lat' dir='ltr'><strong>sibi</strong></span> <span class='ocrx_word' id='word_1_181' title='bbox 897 3057 1172 3148; x_wconf 85' lang='lat' dir='ltr'><strong>comparaverat,</strong></span> <span class='ocrx_word' id='word_1_182' title='bbox 1208 3051 1405 3149; x_wconf 89' lang='lat' dir='ltr'><strong>argumenti</strong></span> <span class='ocrx_word' id='word_1_183' title='bbox 1431 3052 1610 3126; x_wconf 89' lang='lat' dir='ltr'><strong>veritatem</strong></span> <span class='ocrx_word' id='word_1_184' title='bbox 1632 3051 1732 3126; x_wconf 89' lang='lat' dir='ltr'><strong>docta</strong></span> <span class='ocrx_word' id='word_1_185' title='bbox 1759 3059 1795 3124; x_wconf 90' lang='lat' dir='ltr'><strong>et</strong></span> <span class='ocrx_word' id='word_1_186' title='bbox 1816 3059 1936 3126; x_wconf 81' lang='lat' dir='ltr'><strong>ornato</strong></span> <span class='ocrx_word' id='word_1_187' title='bbox 1959 3073 2117 3124; x_wconf 89' lang='lat' dir='ltr'><strong>sermone</strong></span> <span class='ocrx_word' id='word_1_188' title='bbox 2136 3073 2215 3148; x_wconf 93' lang='lat' dir='ltr'><strong>pro-</strong></span> 
     </span>
     <span class='ocr_line' id='line_1_21' title="bbox 693 3167 2216 3268; baseline -0.001 -25"><span class='ocrx_word' id='word_1_189' title='bbox 693 3169 812 3256; x_wconf 88' lang='lat' dir='ltr'><strong>bavit,</strong></span> <span class='ocrx_word' id='word_1_190' title='bbox 848 3167 1045 3266; x_wconf 81' lang='lat' dir='ltr'><strong>futurisque</strong></span> <span class='ocrx_word' id='word_1_191' title='bbox 1071 3168 1250 3266; x_wconf 92' lang='lat' dir='ltr'><strong>discipulis</strong></span> <span class='ocrx_word' id='word_1_192' title='bbox 1282 3177 1392 3244; x_wconf 88' lang='lat' dir='ltr'><strong>artem</strong></span> <span class='ocrx_word' id='word_1_193' title='bbox 1426 3169 1637 3244; x_wconf 83' lang='lat' dir='ltr'><strong>salutiferam</strong></span> <span class='ocrx_word' id='word_1_194' title='bbox 1663 3169 1852 3243; x_wconf 90' lang='lat' dir='ltr'><strong>rectissime</strong></span> <span class='ocrx_word' id='word_1_195' title='bbox 1874 3169 2053 3244; x_wconf 90' lang='lat' dir='ltr'><strong>colendam</strong></span> <span class='ocrx_word' id='word_1_196' title='bbox 2077 3169 2216 3268; x_wconf 80' lang='lat' dir='ltr'><strong>egregie</strong></span> 
     </span>
     <span class='ocr_line' id='line_1_22' title="bbox 695 3286 2215 3388; baseline 0 -26"><span class='ocrx_word' id='word_1_197' title='bbox 695 3286 960 3362; x_wconf 83' lang='lat' dir='ltr'><strong>commendavit</strong></span> <span class='ocrx_word' id='word_1_198' title='bbox 1019 3287 1101 3386; x_wconf 88' lang='lat' dir='ltr'><strong>Ipsa</strong></span> <span class='ocrx_word' id='word_1_199' title='bbox 1135 3294 1253 3362; x_wconf 86' lang='lat' dir='ltr'><strong>autem</strong></span> <span class='ocrx_word' id='word_1_200' title='bbox 1287 3289 1409 3363; x_wconf 89' lang='lat' dir='ltr'><strong>merito</strong></span> <span class='ocrx_word' id='word_1_201' title='bbox 1444 3288 1656 3388; x_wconf 85' lang='lat' dir='ltr'><strong>praeclarum</strong></span> <span class='ocrx_word' id='word_1_202' title='bbox 1681 3288 1905 3388; x_wconf 87' lang='lat' dir='ltr'><strong>hippoomtici</strong></span> <span class='ocrx_word' id='word_1_203' title='bbox 1929 3295 1964 3362; x_wconf 92' lang='lat' dir='ltr'><strong>et</strong></span> <span class='ocrx_word' id='word_1_204' title='bbox 1993 3287 2215 3362; x_wconf 88' lang='lat' dir='ltr'><strong>boerhaviani</strong></span> 
     </span>
     <span class='ocr_line' id='line_1_23' title="bbox 695 3405 2216 3507; baseline 0 -26"><span class='ocrx_word' id='word_1_205' title='bbox 695 3405 820 3482; x_wconf 89' lang='lat' dir='ltr'><strong>medici</strong></span> <span class='ocrx_word' id='word_1_206' title='bbox 840 3406 1015 3506; x_wconf 85' lang='lat' dir='ltr'><strong>exemplar</strong></span> <span class='ocrx_word' id='word_1_207' title='bbox 1038 3405 1144 3480; x_wconf 85' lang='lat' dir='ltr'><strong>luisse</strong></span> <span class='ocrx_word' id='word_1_208' title='bbox 1169 3406 1311 3496; x_wconf 89' lang='lat' dir='ltr'><strong>dicitur,</strong></span> <span class='ocrx_word' id='word_1_209' title='bbox 1337 3407 1489 3507; x_wconf 88' lang='lat' dir='ltr'><strong>artisque</strong></span> <span class='ocrx_word' id='word_1_210' title='bbox 1510 3407 1684 3507; x_wconf 80' lang='lat' dir='ltr'><strong>insignem</strong></span> <span class='ocrx_word' id='word_1_211' title='bbox 1705 3408 1950 3506; x_wconf 88' lang='lat' dir='ltr'><strong>praestantiam</strong></span> <span class='ocrx_word' id='word_1_212' title='bbox 1973 3431 2037 3482; x_wconf 90' lang='lat' dir='ltr'><strong>suo</strong></span> <span class='ocrx_word' id='word_1_213' title='bbox 2056 3407 2216 3505; x_wconf 83' lang='lat' dir='ltr'><strong>exemplo</strong></span> 
     </span>
     <span class='ocr_line' id='line_1_24' title="bbox 695 3523 2214 3626; baseline -0.001 -27"><span class='ocrx_word' id='word_1_214' title='bbox 695 3523 935 3624; x_wconf 83' lang='lat' dir='ltr'><strong>comprobasse</strong></span> <span class='ocrx_word' id='word_1_215' title='bbox 969 3531 1138 3600; x_wconf 86' lang='lat' dir='ltr'><strong>censetur.</strong></span> <span class='ocrx_word' id='word_1_216' title='bbox 1197 3527 1251 3599; x_wconf 90' lang='lat' dir='ltr'><strong>At</strong></span> <span class='ocrx_word' id='word_1_217' title='bbox 1278 3551 1357 3600; x_wconf 83' lang='lat' dir='ltr'><strong>vero</strong></span> <span class='ocrx_word' id='word_1_218' title='bbox 1392 3527 1516 3616; x_wconf 89' lang='lat' dir='ltr'><strong>etiam,</strong></span> <span class='ocrx_word' id='word_1_219' title='bbox 1551 3527 1587 3600; x_wconf 96' lang='lat' dir='ltr'><strong>in</strong></span> <span class='ocrx_word' id='word_1_220' title='bbox 1622 3551 1766 3601; x_wconf 89' lang='lat' dir='ltr'><strong>munere</strong></span> <span class='ocrx_word' id='word_1_221' title='bbox 1795 3527 1971 3626; x_wconf 89' lang='lat' dir='ltr'><strong>gerendo,</strong></span> <span class='ocrx_word' id='word_1_222' title='bbox 2004 3525 2214 3602; x_wconf 88' lang='lat' dir='ltr'><strong>Academiae</strong></span> 
     </span>
     <span class='ocr_line' id='line_1_25' title="bbox 695 3643 2213 3745; baseline 0.001 -28"><span class='ocrx_word' id='word_1_223' title='bbox 695 3645 807 3718; x_wconf 86' lang='lat' dir='ltr'><strong>lamae</strong></span> <span class='ocrx_word' id='word_1_224' title='bbox 846 3652 882 3718; x_wconf 91' lang='lat' dir='ltr'><strong>et</strong></span> <span class='ocrx_word' id='word_1_225' title='bbox 917 3643 1124 3718; x_wconf 89' lang='lat' dir='ltr'><strong>discentium</strong></span> <span class='ocrx_word' id='word_1_226' title='bbox 1151 3645 1340 3720; x_wconf 92' lang='lat' dir='ltr'><strong>commodis</strong></span> <span class='ocrx_word' id='word_1_227' title='bbox 1368 3645 1558 3744; x_wconf 92' lang='lat' dir='ltr'><strong>plurimum</strong></span> <span class='ocrx_word' id='word_1_228' title='bbox 1585 3671 1666 3720; x_wconf 92' lang='lat' dir='ltr'><strong>eum</strong></span> <span class='ocrx_word' id='word_1_229' title='bbox 1689 3645 1879 3745; x_wconf 84' lang='lat' dir='ltr'><strong>profuisse,</strong></span> <span class='ocrx_word' id='word_1_230' title='bbox 1902 3669 1974 3720; x_wconf 87' lang='lat' dir='ltr'><strong>uuo</strong></span> <span class='ocrx_word' id='word_1_231' title='bbox 1996 3669 2055 3720; x_wconf 90' lang='lat' dir='ltr'><strong>ore</strong></span> <span class='ocrx_word' id='word_1_232' title='bbox 2075 3669 2213 3731; x_wconf 88' lang='lat' dir='ltr'><strong>omnes,</strong></span> 
     </span>
     <span class='ocr_line' id='line_1_26' title="bbox 697 3755 2210 3864; baseline 0.001 -29"><span class='ocrx_word' id='word_1_233' title='bbox 697 3763 759 3861; x_wconf 93' lang='lat' dir='ltr'><strong>qui</strong></span> <span class='ocrx_word' id='word_1_234' title='bbox 797 3770 1002 3862; x_wconf 85' lang='lat' dir='ltr'><strong>supersunt,</strong></span> <span class='ocrx_word' id='word_1_235' title='bbox 1037 3755 1198 3863; x_wconf 92' lang='lat' dir='ltr'><strong>discipuli</strong></span> <span class='ocrx_word' id='word_1_236' title='bbox 1214 3773 1409 3840; x_wconf 84' lang='lat' dir='ltr'><strong>testantur.</strong></span> <span class='ocrx_word' id='word_1_237' title='bbox 1470 3766 1631 3840; x_wconf 90' lang='lat' dir='ltr'><strong>Laudant</strong></span> <span class='ocrx_word' id='word_1_238' title='bbox 1672 3789 1823 3863; x_wconf 90' lang='lat' dir='ltr'><strong>namque</strong></span> <span class='ocrx_word' id='word_1_239' title='bbox 1866 3764 2095 3864; x_wconf 85' lang='lat' dir='ltr'><strong>praeceptoris</strong></span> <span class='ocrx_word' id='word_1_240' title='bbox 2129 3787 2210 3838; x_wconf 91' lang='lat' dir='ltr'><strong>cum</strong></span> 
     </span>
     <span class='ocr_line' id='line_1_27' title="bbox 699 3881 2209 3982; baseline -0.001 -26"><span class='ocrx_word' id='word_1_241' title='bbox 699 3881 792 3956; x_wconf 88' lang='lat' dir='ltr'><strong>acuti</strong></span> <span class='ocrx_word' id='word_1_242' title='bbox 813 3882 945 3982; x_wconf 91' lang='lat' dir='ltr'><strong>ingenii</strong></span> <span class='ocrx_word' id='word_1_243' title='bbox 966 3881 1212 3981; x_wconf 86' lang='lat' dir='ltr'><strong>praestantiam</strong></span> <span class='ocrx_word' id='word_1_244' title='bbox 1233 3892 1309 3959; x_wconf 92' lang='lat' dir='ltr'><strong>tum</strong></span> <span class='ocrx_word' id='word_1_245' title='bbox 1337 3893 1530 3959; x_wconf 89' lang='lat' dir='ltr'><strong>accuratam</strong></span> <span class='ocrx_word' id='word_1_246' title='bbox 1554 3883 1762 3971; x_wconf 87' lang='lat' dir='ltr'><strong>doctrinam,</strong></span> <span class='ocrx_word' id='word_1_247' title='bbox 1795 3882 2028 3957; x_wconf 87' lang='lat' dir='ltr'><strong>saluberrimis</strong></span> <span class='ocrx_word' id='word_1_248' title='bbox 2054 3889 2209 3956; x_wconf 88' lang='lat' dir='ltr'><strong>veterum</strong></span> 
     </span>
    </p>
   </div>
   <div class='ocr_carea' id='block_1_5' title="bbox 555 4001 2210 4109">
    <p class='ocr_par' dir='ltr' id='par_1_5' title="bbox 555 4001 2210 4109">
     <span class='ocr_line' id='line_1_28' title="bbox 555 4001 2210 4109; baseline 0.001 -35"><span class='ocrx_word' id='word_1_249' title='bbox 555 4067 557 4073; x_wconf 80' lang='grc'>,</span> <span class='ocrx_word' id='word_1_250' title='bbox 697 4001 918 4075; x_wconf 89' lang='lat' dir='ltr'><strong>Medicorum</strong></span> <span class='ocrx_word' id='word_1_251' title='bbox 950 4002 1150 4109; x_wconf 80' lang='lat' dir='ltr'><strong>praeceptis¹</strong></span> <span class='ocrx_word' id='word_1_252' title='bbox 1171 4003 1363 4092; x_wconf 87' lang='lat' dir='ltr'><strong>imbutam,</strong></span> <span class='ocrx_word' id='word_1_253' title='bbox 1395 4027 1558 4102; x_wconf 89' lang='lat' dir='ltr'><strong>magnam</strong></span> <span class='ocrx_word' id='word_1_254' title='bbox 1585 4027 1684 4102; x_wconf 91' lang='lat' dir='ltr'><strong>porro</strong></span> <span class='ocrx_word' id='word_1_255' title='bbox 1715 4003 1752 4076; x_wconf 92' lang='lat' dir='ltr'><strong>in</strong></span> <span class='ocrx_word' id='word_1_256' title='bbox 1773 4001 1991 4102; x_wconf 84' lang='lat' dir='ltr'><strong>expiscandis</strong></span> <span class='ocrx_word' id='word_1_257' title='bbox 2010 4001 2210 4104; x_wconf 87' lang='lat' dir='ltr'><strong>morborum</strong></span> 
     </span>
    </p>
   </div>
   <div class='ocr_carea' id='block_1_6' title="bbox 672 4120 2210 4458">
    <p class='ocr_par' dir='ltr' id='par_1_6' title="bbox 672 4120 2210 4458">
     <span class='ocr_line' id='line_1_29' title="bbox 672 4120 2209 4221; baseline 0 -27"><span class='ocrx_word' id='word_1_258' title='bbox 672 4176 675 4182; x_wconf 83' lang='lat'><strong>.</strong></span> <span class='ocrx_word' id='word_1_259' title='bbox 697 4121 810 4194; x_wconf 87' lang='lat' dir='ltr'><strong>causis</strong></span> <span class='ocrx_word' id='word_1_260' title='bbox 830 4120 1072 4219; x_wconf 88' lang='lat' dir='ltr'><strong>sagacitatem,</strong></span> <span class='ocrx_word' id='word_1_261' title='bbox 1093 4121 1351 4221; x_wconf 89' lang='lat' dir='ltr'><strong>simplicemque</strong></span> <span class='ocrx_word' id='word_1_262' title='bbox 1370 4123 1519 4221; x_wconf 90' lang='lat' dir='ltr'><strong>denique</strong></span> <span class='ocrx_word' id='word_1_263' title='bbox 1534 4131 1570 4195; x_wconf 89' lang='lat' dir='ltr'><strong>et</strong></span> <span class='ocrx_word' id='word_1_264' title='bbox 1588 4121 1789 4196; x_wconf 89' lang='lat' dir='ltr'><strong>concinnam</strong></span> <span class='ocrx_word' id='word_1_265' title='bbox 1806 4121 1969 4196; x_wconf 89' lang='lat' dir='ltr'><strong>medendi</strong></span> <span class='ocrx_word' id='word_1_266' title='bbox 1985 4121 2209 4206; x_wconf 86' lang='lat' dir='ltr'><strong>methodum,</strong></span> 
     </span>
     <span class='ocr_line' id='line_1_30' title="bbox 697 4238 2210 4326; baseline -0.001 -14"><span class='ocrx_word' id='word_1_267' title='bbox 697 4239 758 4313; x_wconf 80' lang='lat' dir='ltr'><strong>sed</strong></span> <span class='ocrx_word' id='word_1_268' title='bbox 804 4238 1043 4314; x_wconf 86' lang='lat' dir='ltr'><strong>abhorrentem</strong></span> <span class='ocrx_word' id='word_1_269' title='bbox 1088 4241 1237 4314; x_wconf 82' lang='lat' dir='ltr'><strong>maxime</strong></span> <span class='ocrx_word' id='word_1_270' title='bbox 1279 4240 1324 4315; x_wconf 88' lang='lat' dir='ltr'><strong>ab</strong></span> <span class='ocrx_word' id='word_1_271' title='bbox 1368 4239 1649 4316; x_wconf 84' lang='lat' dir='ltr'><strong>administrandis</strong></span> <span class='ocrx_word' id='word_1_272' title='bbox 1686 4239 1946 4314; x_wconf 90' lang='lat' dir='ltr'><strong>medicamentis</strong></span> <span class='ocrx_word' id='word_1_273' title='bbox 1981 4238 2101 4326; x_wconf 72' lang='lat' dir='ltr'><strong>noum,</strong></span> <span class='ocrx_word' id='word_1_274' title='bbox 2141 4263 2210 4312; x_wconf 91' lang='lat' dir='ltr'><strong>usu</strong></span> 
     </span>
     <span class='ocr_line' id='line_1_31' title="bbox 696 4357 2209 4458; baseline 0 -26"><span class='ocrx_word' id='word_1_275' title='bbox 696 4358 852 4432; x_wconf 92' lang='lat' dir='ltr'><strong>noudum</strong></span> <span class='ocrx_word' id='word_1_276' title='bbox 873 4358 1037 4457; x_wconf 91' lang='lat' dir='ltr'><strong>probatis.</strong></span> <span class='ocrx_word' id='word_1_277' title='bbox 1086 4359 1139 4433; x_wconf 85' lang='lat' dir='ltr'><strong>Ac</strong></span> <span class='ocrx_word' id='word_1_278' title='bbox 1163 4359 1269 4434; x_wconf 91' lang='lat' dir='ltr'><strong>veluti</strong></span> <span class='ocrx_word' id='word_1_279' title='bbox 1288 4359 1352 4434; x_wconf 79' lang='lat' dir='ltr'><strong>nte</strong></span> <span class='ocrx_word' id='word_1_280' title='bbox 1372 4359 1525 4448; x_wconf 87' lang='lat' dir='ltr'><strong>ratione,</strong></span> <span class='ocrx_word' id='word_1_281' title='bbox 1549 4360 1586 4432; x_wconf 93' lang='lat' dir='ltr'><strong>in</strong></span> <span class='ocrx_word' id='word_1_282' title='bbox 1610 4360 1770 4433; x_wconf 86' lang='lat' dir='ltr'><strong>exercitio</strong></span> <span class='ocrx_word' id='word_1_283' title='bbox 1794 4361 1962 4458; x_wconf 90' lang='lat' dir='ltr'><strong>practico,</strong></span> <span class='ocrx_word' id='word_1_284' title='bbox 1988 4357 2209 4457; x_wconf 85' lang='lat' dir='ltr'><strong>praecipuam</strong></span> 
     </span>
    </p>
   </div>
   <div class='ocr_carea' id='block_1_7' title="bbox 544 4477 2208 4588">
    <p class='ocr_par' dir='ltr' id='par_1_7' title="bbox 544 4477 2208 4588">
     <span class='ocr_line' id='line_1_32' title="bbox 544 4477 2208 4588; baseline 0 -38"><span class='ocrx_word' id='word_1_285' title='bbox 544 4509 546 4514; x_wconf 96' lang='lat'>·</span> <span class='ocrx_word' id='word_1_286' title='bbox 694 4477 820 4551; x_wconf 90' lang='lat' dir='ltr'><strong>medici</strong></span> <span class='ocrx_word' id='word_1_287' title='bbox 853 4477 970 4551; x_wconf 90' lang='lat' dir='ltr'><strong>dotem</strong></span> <span class='ocrx_word' id='word_1_288' title='bbox 1006 4477 1227 4588; x_wconf 84' lang='lat' dir='ltr'><strong>existimabat</strong></span> <span class='ocrx_word' id='word_1_289' title='bbox 1259 4478 1499 4576; x_wconf 90' lang='lat' dir='ltr'><strong>prudentiam,</strong></span> <span class='ocrx_word' id='word_1_290' title='bbox 1536 4477 1584 4552; x_wconf 91' lang='lat' dir='ltr'><strong>sic</strong></span> <span class='ocrx_word' id='word_1_291' title='bbox 1611 4479 1647 4551; x_wconf 90' lang='lat' dir='ltr'><strong>in</strong></span> <span class='ocrx_word' id='word_1_292' title='bbox 1673 4479 1884 4572; x_wconf 86' lang='lat' dir='ltr'><strong>theoreticis,</strong></span> <span class='ocrx_word' id='word_1_293' title='bbox 1910 4503 2000 4576; x_wconf 89' lang='lat' dir='ltr'><strong>quoe</strong></span> <span class='ocrx_word' id='word_1_294' title='bbox 2021 4484 2208 4562; x_wconf 83' lang='lat' dir='ltr'><strong>vocantur,</strong></span> 
     </span>
    </p>
   </div>
   <div class='ocr_carea' id='block_1_8' title="bbox 696 4581 2208 4944">
    <p class='ocr_par' dir='ltr' id='par_1_8' title="bbox 696 4581 2208 4944">
     <span class='ocr_line' id='line_1_33' title="bbox 696 4581 2207 4697; baseline 0.002 -28"><span class='ocrx_word' id='word_1_295' title='bbox 696 4581 839 4684; x_wconf 87' lang='lat' dir='ltr'><strong>scholis,</strong></span> <span class='ocrx_word' id='word_1_296' title='bbox 874 4597 1063 4696; x_wconf 91' lang='lat' dir='ltr'><strong>simplicem</strong></span> <span class='ocrx_word' id='word_1_297' title='bbox 1095 4605 1130 4671; x_wconf 88' lang='lat' dir='ltr'><strong>et</strong></span> <span class='ocrx_word' id='word_1_298' title='bbox 1160 4605 1353 4672; x_wconf 82' lang='lat' dir='ltr'><strong>coornatam</strong></span> <span class='ocrx_word' id='word_1_299' title='bbox 1387 4597 1577 4672; x_wconf 89' lang='lat' dir='ltr'><strong>doctrinam</strong></span> <span class='ocrx_word' id='word_1_300' title='bbox 1609 4599 1711 4697; x_wconf 90' lang='lat' dir='ltr'><strong>longe</strong></span> <span class='ocrx_word' id='word_1_301' title='bbox 1737 4599 1857 4696; x_wconf 87' lang='lat' dir='ltr'><strong>pluris</strong></span> <span class='ocrx_word' id='word_1_302' title='bbox 1887 4596 2079 4674; x_wconf 88' lang='lat' dir='ltr'><strong>faciendam</strong></span> <span class='ocrx_word' id='word_1_303' title='bbox 2114 4621 2207 4684; x_wconf 86' lang='lat' dir='ltr'><strong>esse,</strong></span> 
     </span>
     <span class='ocr_line' id='line_1_34' title="bbox 696 4715 2205 4835; baseline 0.001 -48"><span class='ocrx_word' id='word_1_304' title='bbox 696 4739 802 4810; x_wconf 90' lang='lat' dir='ltr'><strong>quam</strong></span> <span class='ocrx_word' id='word_1_305' title='bbox 835 4715 1037 4814; x_wconf 89' lang='lat' dir='ltr'><strong>opinionum</strong></span> <span class='ocrx_word' id='word_1_306' title='bbox 1074 4725 1268 4792; x_wconf 90' lang='lat' dir='ltr'><strong>commenta</strong></span> <span class='ocrx_word' id='word_1_307' title='bbox 1299 4725 1334 4790; x_wconf 92' lang='lat' dir='ltr'><strong>et</strong></span> <span class='ocrx_word' id='word_1_308' title='bbox 1365 4717 1496 4817; x_wconf 88' lang='lat' dir='ltr'><strong>ingenii</strong></span> <span class='ocrx_word' id='word_1_309' title='bbox 1521 4717 1715 4804; x_wconf 90' lang='lat' dir='ltr'><strong>illecebras,</strong></span> <span class='ocrx_word' id='word_1_310' title='bbox 1741 4716 1980 4835; x_wconf 82' lang='lat' dir='ltr'><strong>arbitrabatur.</strong></span> <span class='ocrx_word' id='word_1_311' title='bbox 2032 4715 2205 4812; x_wconf 83' lang='lat' dir='ltr'><strong>Inexpli·</strong></span> 
     </span>
     <span class='ocr_line' id='line_1_35' title="bbox 696 4833 2208 4944; baseline 0.001 -39"><span class='ocrx_word' id='word_1_312' title='bbox 696 4833 814 4906; x_wconf 84' lang='lat' dir='ltr'><strong>candia</strong></span> <span class='ocrx_word' id='word_1_313' title='bbox 830 4940 832 4944; x_wconf 79' lang='lat'><strong>.</strong></span> <span class='ocrx_word' id='word_1_314' title='bbox 850 4859 929 4910; x_wconf 86' lang='lat' dir='ltr'><strong>vero</strong></span> <span class='ocrx_word' id='word_1_315' title='bbox 966 4835 1168 4912; x_wconf 86' lang='lat' dir='ltr'><strong>Geubianae</strong></span> <span class='ocrx_word' id='word_1_316' title='bbox 1202 4845 1238 4912; x_wconf 91' lang='lat' dir='ltr'><strong>et</strong></span> <span class='ocrx_word' id='word_1_317' title='bbox 1274 4836 1457 4916; x_wconf 86' lang='lat' dir='ltr'><strong>Stolliuuae</strong></span> <span class='ocrx_word' id='word_1_318' title='bbox 1494 4835 1667 4913; x_wconf 81' lang='lat' dir='ltr'><strong>doctrinae</strong></span> <span class='ocrx_word' id='word_1_319' title='bbox 1701 4835 1936 4913; x_wconf 90' lang='lat' dir='ltr'><strong>monumentis</strong></span> <span class='ocrx_word' id='word_1_320' title='bbox 1970 4835 2019 4912; x_wconf 91' lang='lat' dir='ltr'><strong>sic</strong></span> <span class='ocrx_word' id='word_1_321' title='bbox 2052 4841 2208 4912; x_wconf 85' lang='lat' dir='ltr'><strong>versatus</strong></span> 
     </span>
    </p>
   </div>
   <div class='ocr_carea' id='block_1_9' title="bbox 2480 1371 2482 1528">
    <p class='ocr_par' dir='ltr' id='par_1_9' title="bbox 2480 1371 2482 1528">
     <span class='ocr_line' id='line_1_36' title="bbox 2480 1371 2482 1528; baseline 0 0"><span class='ocrx_word' id='word_1_322' title='bbox 2480 1371 2482 1528; x_wconf 80' lang='lat' dir='ltr'><strong>l</strong></span> 
     </span>
    </p>
   </div>
   <div class='ocr_carea' id='block_1_10' title="bbox 0 0 2498 6200">
    <p class='ocr_par' dir='ltr' id='par_1_10' title="bbox 0 0 2498 6200">
     <span class='ocr_line' id='line_1_37' title="bbox 0 0 2498 6200; baseline 0 0"><span class='ocrx_word' id='word_1_323' title='bbox 0 0 2498 6200; x_wconf 95' lang='lat' dir='ltr'><strong> </strong></span> 
     </span>
    </p>
   </div>
  </div>
 </body>
</html>
