4986 6200
750 644 791 711 oo
1193 640 1232 710 o.
1266 643 1295 710 J.
1321 587 1551 710 ¹vnurmu
1590 639 1812 708 onrrro.

723 875 831 956 ⁸oum
867 847 1057 948 plurimum
1088 847 1263 936 velemus,
1299 847 1557 948 disciplinarum
1592 848 1707 922 studio
1729 855 1767 922 et
1786 845 1986 946 perfectioni
2015 853 2051 920 et
2074 846 2262 947 amplifica·

751 969 839 1044 tioni
869 969 1053 1044 maximam
1087 992 1226 1066 operam
1261 991 1387 1042 navare
1417 969 1610 1066 queamus?
1657 969 1705 1042 nt
1732 967 1903 1067 ejusmodi
1929 965 2098 1042 currilium
2121 967 2261 1066 cipeti·

749 1113 850 1177 mus,
885 1087 970 1186 quid
1002 1086 1145 1185 quidem
1178 1085 1402 1160 moderatrice
1436 1111 1476 1162 ac
1507 1087 1595 1162 duae
1625 1086 1718 1162 certd
1751 1086 1890 1185 fidisque
1920 1085 2022 1161 nobie
2052 1084 2261 1184 optabilius?

748 1209 799 1282 At
831 1207 937 1281 talem
970 1207 1095 1280 ducem
1131 1205 1203 1280 sola
1234 1205 1377 1302 praebet
1407 1205 1516 1282 enimi
1549 1231 1648 1282 mens
1679 1206 1744 1282 sud
1770 1203 1946 1305 cogitandi
1971 1211 2006 1280 et
2030 1203 2261 1304 investigandi

747 1327 841 1426 justd
861 1325 1011 1414 ratione3
1037 1325 1106 1422 qud
1134 1323 1164 1397 si
1186 1323 1275 1398 bene
1296 1323 1551 1425 prudenterque
1579 1351 1714 1426 semper
1739 1325 1890 1414 utimur,
1914 1323 2141 1424 ejusdemque
2165 1348 2261 1423 prae·

749 1453 849 1545 cepta
888 1445 918 1519 si
950 1451 1111 1518 tenemus
1151 1442 1336 1542 stricteque
1364 1470 1498 1544 semper
1535 1454 1571 1520 et
1602 1469 1716 1520 severo
1750 1445 1948 1544 sequimur,
1979 1443 2084 1520 nullis
2119 1442 2261 1542 quidem

747 1565 893 1643 vinculis
918 1563 1205 1664 constringimur,
1230 1589 1294 1640 nec
1315 1565 1410 1638 velut
1431 1565 1548 1664 aliquo
1571 1589 1703 1641 carcere
1726 1563 1958 1652 includimur,
1981 1587 2025 1638 cx
2049 1585 2120 1662 quo
2145 1562 2263 1662 egredi

745 1685 974 1785 impedimur,
1009 1683 1071 1758 sed
1106 1686 1184 1758 vert
1217 1683 1422 1782 munitdque
1454 1685 1615 1760 ducimur
1646 1685 1723 1774 via,
1748 1685 1835 1784 qul,
1859 1682 1981 1757 normis
2006 1685 2120 1770 oertd,
2144 1682 2260 1758 omnia

747 1803 965 1903 systematioe
996 1801 1210 1893 examinare,
1243 1810 1279 1876 et
1311 1802 1412 1901 quasi
1440 1803 1486 1878 ed
1517 1803 1718 1904 disciplinae
1748 1809 1931 1903 praecepte
1962 1799 2174 1900 perpendere
2201 1800 2259 1875 do·

688 1977 693 1988 -
745 1949 865 2001 cemur
889 1930 925 1999 et
947 1923 1170 2000 adsuefimus.
1219 1923 1267 1996 ut
1289 1921 1355 1997 hoo
1374 1922 1449 2021 ipst
1469 1921 1557 1998 duce
1578 1922 1632 1997 uti
1654 1947 1700 1997 ne
1720 1929 1881 2022 optemus
1900 1945 1970 1996 non
1993 1919 2114 2008 modo,
2138 1943 2258 1994 verum

745 2045 850 2119 etiem
870 2043 916 2118 ab
932 2045 973 2116 ed
994 2065 1187 2140 numquam
1203 2042 1431 2131 decedamus;
1450 2041 1542 2118 adsit
1561 2049 1728 2142 perpetuo
1745 2040 2009 2142 diligentissime
2025 2063 2262 2127 curemus5-

745 2163 921 2238 consulere
954 2186 1031 2236 eam
1065 2160 1204 2265 assidue
1231 2169 1267 2236 et
1296 2162 1506 2262 interrogare
1530 2185 1723 2260 numquam
1748 2159 1999 2236 obliviscamur.
2050 2160 2141 2234 'lum
2160 2181 2258 2245 vero,

744 2281 773 2356 si
807 2305 927 2355 omnes
961 2279 1172 2380 conjunctim
1203 2279 1428 2379 similiterque
1460 2280 1593 2355 efficere
1623 2286 1659 2354 et
1693 2302 1833 2379 operam
1864 2273 2064 2375 impendere
2098 2276 2260 2364 student,

743 2399 839 2474 nullo
871 2397 975 2471 modo
1010 2397 1075 2471 erit
1106 2397 1359 2485 dubitandum,
1394 2423 1496 2497 posse
1529 2422 1595 2472 nos
1626 2395 1757 2486 lacere,
1782 2396 1878 2496 quod
1903 2396 2007 2471 debet
2031 2402 2257 2495 oportetque,

743 2518 789 2594 ad
812 2529 990 2592 'summum
1011 2516 1099 2591 illud
1124 2516 1405 2617 adipiscendum,
1429 2517 1588 2593 videlicet
1612 2523 1654 2591 ut
1674 2516 1825 2616 cognitio
1846 2523 1964 2592 nostra
1987 2517 2050 2591 fiat
2073 2522 2110 2590 et
2129 2515 2261 2590 firmior

743 2643 779 2710 et
806 2635 951 2735 amplior
975 2646 1015 2714 et
1043 2635 1235 2734 perfectior.
1285 2635 1437 2712 Tantum
1463 2637 1591 2713 etenim
1622 2636 1721 2712 abest
1749 2643 1790 2712 ut
1811 2636 2072 2736 disciplinarum
2095 2659 2259 2734 campum

740 2754 841 2830 illum
869 2751 1035 2844 fertilem,
1071 2778 1175 2852 quem
1207 2753 1402 2830 felicissime
1431 2755 1567 2832 coluere
1595 2757 1858 2856 praeteritorum
1882 2757 2098 2832 saeculorum
2119 2754 2260 2854 Mathe·

740 2873 877 2962 matioi,
911 2880 946 2948 et
979 2897 1023 2947 ex
1054 2897 1125 2970 quo
1149 2872 1239 2947 tenti
1263 2873 1397 2949 fructus
1418 2874 1584 2950 uberrimi
1604 2875 1862 2963 redrmdarunt,
1886 2883 2066 2950 exaratum
2088 2881 2124 2948 et
2144 2896 2255 2973 paene

743 2991 953 3066 exhaustum
975 2990 1215 3086 opinaremur,
1240 2989 1438 3091 ut'lruotus
1460 3013 1539 3066 non,
1554 2991 1659 3064 modo
1686 3014 1792 3092 noros
1814 2989 1902 3064 ferre
1924 2989 2033 3085 possit
2052 2990 2089 3064 in
2110 2990 2257 3090 longum

742 3131 889 3194 aevum,
924 3105 986 3178 sed
1015 3104 1133 3202 potius
1165 3111 1206 3177 ut
1228 3128 1322 3178 nunc
1348 3105 1491 3178 demum
1516 3105 1678 3179 instructi
1686 3104 1809 3180 'simus
1837 3113 1873 3180 et
1893 3105 2007 3203 parati
2024 3105 2067 3178 iis
2091 3107 2261 3184 omnibus.

638 3256 642 3267 ·
744 3221 908 3298 subsidiis
929 3221 1230 3321 adjumentisque,
1254 3246 1343 3321 quae
1364 3222 1531 3322 postumii
1546 3211 1694 3324 possunt
1717 3222 1763 3298 od
1782 3247 1888 3298 novos
1907 3223 2020 3298 fontes
2033 3223 2261 3322 ¹detegendos

742 3348 778 3414 et
809 3339 1034 3439 aperiundas,
1065 3339 1111 3414 ad
1143 3339 1277 3416 occulta
1304 3340 1491 3440 abditoque
1512 3341 1711 3442 indaganda
1735 3350 1771 3418 et
1795 3341 2055 3442 patefacienda,
2075 3341 2122 3418 ed
2142 3340 2259 3416 subti-

741 3460 829 3536 liora
846 3459 1171 3549 animadvertendo,
1195 3458 1320 3550 verbo,
1345 3461 1391 3536 ad
1419 3460 1457 3536 id
1479 3463 1655 3596 agendum
1679 3461 1927 3538 elaborandum
1953 3468 1990 3534 et
2016 3459 2256 3549 officiendum,

742 3603 813 3677 quo
837 3579 881 3652 do
903 3579 1022 3653 sedulo
1047 3585 1165 3654 nostro
1191 3577 1329 3668 labore,
1358 3579 1403 3654 de
1429 3579 1520 3656 curis
1546 3580 1742 3681 perpetuis,
1766 3580 1879 3680 deque
1899 3578 2085 3668 laudabili,
2110 3578 2140 3654 ei
2164 3577 2256 3654 bene

742 3696 948 3786 modereris,
972 3695 1231 3797 disciplinarum
1254 3697 1540 3799 perficiendorum
1567 3706 1604 3774 et
1625 3700 1945 3802 amplificandorum
1963 3698 2098 3791 studio,
2121 3697 2254 3798 optima

745 3839 902 3918 quaeque
927 3815 1055 3918 sperari
1078 3816 1213 3918 possint
1236 3841 1382 3920 vereque
1406 3817 1608 3921 exspectari
