4986 6200
893 709 1169 781 ORATIO.
1738 707 1780 772 21

265 920 380 998 videre
401 929 436 997 et
460 919 650 996 obtrectare
672 918 898 1006 videbantur,
928 944 1005 994 eam
1030 919 1159 1018 quippe
1183 917 1335 992 censuris
1360 913 1565 990 imminuere
1592 921 1628 990 et
1646 913 1776 989 'violare

202 1041 210 1054 '
265 1041 379 1117 conati
399 1047 489 1116 sunt.
523 1041 634 1138 Ergo,
657 1047 774 1114 contra
792 1037 916 1111 horum
933 1037 1076 1136 injurias
1097 1045 1137 1110 ut
1153 1061 1189 1110 se
1208 1033 1423 1121 defenderet,
1446 1033 1581 1133 scripsit
1599 1035 1778 1131 Epiariein

265 1185 477 1234 censurarum
511 1158 744 1231 Bibliothecae
771 1158 931 1242 careae,
965 1178 1071 1253 quam
1094 1161 1210 1229 tamen
1236 1176 1327 1228 anno
1352 1153 1494 1232 demum
1522 1155 1617 1227 1808
1645 1151 1777 1239 edidit,

265 1301 375 1375 quum
399 1275 578 1374 Gymnesii
601 1273 830 1349 Amissurtani
854 1274 984 1346 Rector
1007 1281 1090 1348 erat.

313 1396 417 1470 Anno
441 1419 592 1492 namque
615 1396 731 1480 1793,
757 1416 837 1465 cum
860 1397 1019 1490 parentes
1043 1387 1303 1466 ¹Amstelodamc
1325 1390 1520 1488 Trajectum
1544 1391 1590 1464 ad
1612 1391 1778 1466 Rhenum

265 1512 459 1586 habitatum
489 1511 757 1597 concessissent,
791 1510 909 1607 ibique
942 1518 1165 1608 exspectans,
1199 1509 1309 1582 donec
1340 1516 1458 1606 optata
1482 1508 1557 1582 aliis
1582 1509 1777 1584 studiorum

265 1654 407 1704 suorum
440 1631 556 1704 fructu
585 1628 754 1704 serviendi
775 1629 907 1703 occasio
931 1629 1127 1718 offerretur,
1152 1626 1291 1702 iuterim
1316 1628 1405 1702 hanc
1428 1633 1551 1700 nactus
1577 1627 1777 1724 opportuni·

265 1757 393 1835 tatem,
418 1751 487 1846 (111
507 1749 713 1823 Academiae
736 1748 1074 1846 Rheno-trajectinae
1092 1748 1328 1821 Professorum
1352 1746 1484 1820 scholas
1505 1744 1625 1820 audhe
1644 1751 1778 1842 posset,

264 1868 307 1940 iis
341 1867 509 1964 imprimis
542 1868 721 1955 interfuit,
754 1893 841 1966 quas
876 1870 1032 1955 Ssxrus,
1068 1869 1250 1941 Snoaarus
1276 1873 1314 1939 et
1336 1866 1557 1942 Bonnaurns
1581 1863 1778 1950 habebant,

264 1985 457 2082 horumque
484 1985 646 2058 Virorum
675 1987 970 2074 Clarissimorum,
994 1987 1288 2060 Wrrrnuascnu
1311 1985 1521 2071 amicorum,
1554 1982 1780 2057 certissimam

264 2102 537 2177 benevolentiam
575 2104 642 2177 sibi
680 2105 882 2180 conciliavit.
945 2105 1037 2180 Cum
1071 2130 1150 2179 vero
1187 2111 1264 2178 octo
1300 2103 1434 2177 circiter
1470 2126 1607 2176 menses
1642 2103 1679 2176 iu
1714 2102 1780 2175 htc

264 2221 452 2294 Academia
483 2229 713 2302 commoratus
744 2233 835 2312 erat,
870 2223 1051 2322 Gymnasii
1071 2220 1301 2298 Amisfbrtani
1327 2221 1512 2293 Oourector
1542 2225 1676 2293 creatus
1708 2226 1780 2306 est,

265 2363 424 2436 annoque
459 2342 553 2413 1794
585 2339 819 2414 Amissurtum
851 2339 958 2426 abiit,
993 2364 1056 2414 nec
1080 2340 1129 2414 ita
1156 2339 1266 2413 multo
1291 2347 1370 2437 post
1397 2345 1501 2430 (anno
1521 2361 1647 2435 nempe
1668 2341 1778 2430 1796)

266 2456 450 2556 Gymnasii
488 2458 615 2530 Rector
656 2458 878 2532 renunciatus
925 2469 1000 2545 est,
1036 2458 1073 2532 in
1121 2458 1235 2532 locum
1276 2457 1352 2530 Viri
1386 2456 1587 2531 Doctissimi
1622 2456 1780 2544 Hiran,

264 2576 595 2652 Amstelodamensis
614 2577 796 2674 Gymnasii
814 2577 953 2651 Rectori
973 2577 1035 2676 qui
1055 2584 1271 2652 successerat.
1313 2577 1493 2650 Minurus
1514 2576 1619 2674 digne
1638 2575 1780 2673 quidem

266 2703 302 2768 et
333 2695 551 2770 laudabiliter
573 2695 662 2770 hanc
690 2695 919 2795 provinciam,
943 2720 1005 2792 per
1031 2696 1214 2770 duodecim
1238 2718 1365 2781 annos,
1392 2694 1666 2769 administrabat.
1718 2694 1777 2767 Ci-

266 2813 368 2886 vibus
400 2813 496 2887 haud
528 2814 645 2887 minus
677 2839 783 2910 quam
814 2813 991 2910 discipulis
1011 2837 1110 2887 carus
1132 2820 1222 2898 erat,
1246 2834 1360 2908 neque
1384 2812 1427 2884 de
1449 2812 1514 2885 hdo
1536 2812 1682 2885 statione
1711 2813 1780 2886 dis·

266 2931 446 3018 cessisset,
480 2931 509 3004 si
537 2931 588 3004 rei
616 2930 775 3004 familiari
798 2931 881 3004 satis
906 2955 1101 3004 succurrere
1125 2929 1304 3028 potuisset.
1355 2929 1593 3026 Quapropter,
1618 2953 1658 3002 ac
1682 2953 1781 3027 prac-

267 3047 386 3122 sertim
413 3047 521 3144 igitur
557 3055 597 3120 ut
620 3046 724 3120 rebus
751 3047 823 3120 suis
846 3048 970 3122 mehus
993 3048 1218 3146 prospiceret,
1242 3051 1381 3144 gratum
1404 3047 1437 3120 ei
1458 3039 1548 3134 erat,
1574 3047 1668 3145 quod
1691 3072 1782 3123 anno

268 3169 363 3240 1809
386 3167 609 3251 Zicriczcam,
634 3165 696 3238 ubi
714 3166 895 3262 Gymnasii
916 3167 1044 3241 Rector
1059 3166 1208 3253 obierat,
1233 3164 1428 3240 vocabatur.
1478 3166 1630 3264 Jamque
1649 3167 1781 3265 aliquot

267 3284 367 3360 annis
405 3288 505 3368 anta,
540 3291 677 3357 mortuo
712 3281 796 3358 Viro
831 3284 1030 3360 Clarissimo
1068 3285 1202 3372 Sauro,
1238 3283 1343 3383 hujus
1374 3285 1572 3359 cathedram
1602 3295 1781 3364 vacantem

267 3401 473 3501 accepisset,
499 3401 528 3474 si
551 3401 777 3498 probabiliore
799 3429 838 3478 ac
859 3405 1052 3480 honestiore
1074 3403 1288 3491 conditione,
1313 3406 1382 3502 qud
1409 3404 1562 3478 muneris
1584 3406 1781 3504 professorii

266 3521 399 3596 reditus
423 3521 468 3594 ad
492 3521 624 3594 cultum
650 3521 903 3618 suppeditaret,
928 3523 1044 3598 oblata
1067 3523 1198 3597 fuisset.

317 3638 566 3738 septennium,
601 3639 694 3736 quod
731 3641 907 3716 Minurus
937 3641 1094 3714 Rectoris
1125 3665 1267 3714 munere
1304 3641 1498 3715 Ziericceae
1530 3641 1672 3717 functus
1705 3649 1778 3730 est,

267 3768 407 3858 tempus
425 3757 509 3843 fuit,
525 3757 660 3832 Patriae
677 3758 866 3856 imprimis,
878 3759 923 3832 ob
940 3760 1199 3834 Naronuonrrs
1219 3759 1506 3848 dominationem,
1527 3761 1776 3836 difficillimum.

268 3881 318 3952 At
338 3878 517 3965 Manum,
550 3875 648 3973 plura
672 3877 737 3950 etsi
764 3877 851 3950 dura
876 3883 991 3950 essent
1017 3899 1225 3974 asperaque,
1255 3883 1371 3950 tamen
1395 3877 1506 3952 multa
1530 3903 1669 3976 quoque
1691 3879 1777 3954 acci-

269 3999 414 4083 dcrrmt,
439 4019 586 4094 quorum
607 3995 806 4069 memoriam
824 4001 945 4092 gratus
968 3993 1199 4070 conservabat.
1248 3995 1402 4069 Maxime
1420 4011 1570 4094 namque
1589 3998 1622 4070 ei
1642 3997 1779 4072 favebat
1828 4027 1830 4032 ·

269 4117 333 4192 Vir
359 4116 579 4191 Clarissimus
612 4115 879 4201 Hunranurus,
911 4115 1118 4190 Academiae
1142 4115 1376 4188 Bruxellanae
1402 4116 1529 4189 Rector
1551 4117 1778 4215 Magnificus,

270 4237 327 4312 cui
349 4235 529 4335 Gymnasii
550 4234 755 4311 Ziericzeani
778 4258 892 4308 rerum
917 4235 1204 4309 moderandarum
1227 4235 1405 4333 negotium
1430 4233 1552 4310 datum
1576 4243 1657 4311 crat.
1709 4237 1778 4310 Hic

271 4357 322 4432 vir
344 4353 616 4442 eruditissimus,
651 4353 814 4452 idemque
845 4353 1310 4441 honestissimus,Marrn1o
1336 4354 1498 4428 benevole
1525 4353 1699 4428 indicabat
1724 4379 1776 4430 ra·

272 4476 399 4548 tionem
425 4473 654 4572 modumque,
679 4473 807 4571 quibus
828 4475 872 4548 de
892 4474 1130 4560 institutione,
1156 4472 1267 4570 deque
1287 4473 1391 4548 rebus
1417 4474 1507 4560 suis,
1532 4473 1621 4546 bene
1644 4495 1778 4571 sperare

272 4603 405 4692 posset,
448 4593 635 4692 prudenter
668 4593 856 4668 dummodo
893 4601 929 4668 et
959 4593 1141 4693 diligenter
1179 4616 1252 4666 rem
1292 4617 1392 4691 agere
1430 4600 1598 4690 pergeret.
1658 4591 1777 4690 Hujus

272 4711 414 4786 consilia
447 4711 570 4785 scholis
601 4712 821 4787 Ziericaeanis
846 4712 998 4787 multum
1020 4711 1232 4816 profuerunt.
1282 4713 1405 4809 Ipsum
1437 4720 1559 4786 autum
1589 4712 1778 4787 Maurarum
1849 4717 1856 4732 '

270 4829 443 4929 erigebat,
485 4829 648 4904 monebat
685 4831 920 4930 invitabatque
956 4839 996 4905 ut
1036 4832 1145 4907 doctis
1183 4831 1317 4931 scriptis
1352 4829 1528 4906 literarum
1564 4829 1689 4908 studiis
1726 4832 1779 4906 in·
