4986 6200
892 692 1167 762 ORATIO.
1744 696 1786 762 33

276 912 312 978 et
346 902 544 977 varietatem
579 899 791 999 gaudentur,
824 900 936 1000 deque
969 925 1096 1000 magno
1121 924 1208 987 mu,
1242 921 1323 972 cum
1348 896 1385 970 iu
1410 897 1566 996 ampliori
1594 904 1630 971 et
1655 897 1803 972 meliori'

276 1023 513 1108 institutione,
559 1026 636 1093 tum
668 1019 706 1094 in
743 1019 1000 1116 disciplinarum
1032 1019 1270 1116 bonarumque
1302 1016 1356 1089 vel
1394 1015 1499 1116 etiam
1520 1016 1783 1128 ⁴elegantiorum

277 1127 404 1213 artium
427 1145 518 1214 recte
542 1138 762 1213 colendarum
786 1139 1058 1212 emolumentum
1083 1137 1171 1210 bene
1196 1159 1383 1234 speramus.

324 1257 404 1332 Alia
428 1266 632 1356 argumenta
652 1258 814 1356 praebere
834 1256 920 1330 mihi
946 1256 1105 1330 videntur
1130 1255 1240 1328 multa
1261 1253 1497 1328 Professorum
1520 1255 1668 1354 scripta,
1694 1280 1785 1330 anno

276 1378 457 1472 praeterito
479 1376 590 1466 edita,
615 1377 743 1476 quibus
763 1383 923 1475 apparet,
948 1375 1078 1473 quantia
1096 1374 1274 1473 diligantid
1293 1373 1490 1472 disciplinas
1509 1377 1642 1465 colant,
1667 1380 1783 1475 quave

239 1591 242 1600 .
275 1494 463 1582 industrii,
498 1496 635 1570 autad
668 1521 725 1570 eas
761 1495 1017 1594 amplificandas
1050 1503 1086 1568 et
1121 1494 1360 1582 illustrandas,
1401 1503 1462 1570 aut
1500 1495 1545 1570 ad
1577 1497 1783 1594 cognitionis

275 1612 447 1689 humanae
470 1613 596 1692 limites
621 1615 834 1702 dilatandos,
858 1613 1009 1688 conferre
1034 1613 1196 1688 studeant
1223 1615 1265 1704 ¹).

323 1734 500 1830 Denique,
531 1733 562 1806 si
590 1733 798 1808 Academiae
827 1733 1043 1832 splendorem
1069 1741 1130 1808 aut
1152 1732 1280 1808 samam
1300 1733 1442 1832 pulchre
1464 1735 1702 1808 confirmatam
1729 1735 1782 1808 di·
1814 1786 1820 1796 ,

274 1853 406 1940 cimus,
429 1875 544 1926 nonne
569 1853 674 1927 etiam
694 1852 844 1950 cogitare
866 1877 1051 1952 possumus
1072 1851 1224 1950 praemia
1248 1852 1364 1927 oblata
1391 1860 1426 1926 et
1449 1854 1594 1927 honores
1613 1853 1783 1942 tributos,

274 1971 407 2070 aliaque
426 1971 527 2071 plma
548 1970 749 2068 hujusmodi
769 1970 916 2046 illustria
936 1970 1142 2044 documenta
1162 1971 1373 2069 praeclarare
1394 1971 1608 2059 testimonia,
1634 1972 1783 2070 quibus,

274 2113 364 2164 anno
398 2088 633 2189 praecedenti,
664 2088 909 2164 nonnullorum
939 2089 1174 2164 Professotum
1200 2089 1316 2164 studia
1345 2089 1524 2164 subtiliora
1556 2099 1592 2163 et
1621 2090 1782 2164 lucubra-

273 2208 407 2282 tionum
438 2207 590 2297 fructus,
626 2216 687 2282 aut
720 2233 851 2286 eorum.
868 2235 1015 2310 magna,
1049 2209 1086 2282 in
1119 2208 1329 2307 disciplinis,
1370 2209 1406 2282 in
1438 2209 1566 2307 quibus
1600 2210 1780 2296 habitant,

272 2326 415 2413 merita,
463 2326 558 2425 apud
603 2333 781 2416 antemos,
816 2327 918 2425 longe
954 2331 1051 2400 extra
1089 2326 1225 2400 Patriae
1261 2329 1368 2416 linea,
1406 2327 1501 2427 justo
1538 2329 1648 2428 pretio
1695 2337 1778 2414 suut

274 2444 478 2519 aestimata?
500 2448 532 2535 ³)
673 2461 679 2472 ·

319 2805 514 2889 Postremo,
548 2803 609 2900 qui
641 2804 684 2875 de
707 2803 817 2876 Vobis
841 2811 951 2877 tacere
978 2827 1134 2902 possem,
1160 2804 1261 2878 Cives
1281 2804 1536 2880 academicill’·
1567 2803 1665 2882 Quid
1692 2806 1782 2879 Aca·

272 2923 404 3012 demia,
440 2922 513 2995 sine
544 2919 703 2994 civibus?
751 2921 823 2995 Vos
846 2927 984 3008 autem,
1010 2921 1040 2994 si
1066 2921 1149 2994 boni
1176 2922 1266 2996 cives
1291 2947 1367 2996 ease
1395 2921 1519 3009 vultis,
1545 2921 1715 3020 imprimis
1736 2923 1782 2996 ad

270 3042 399 3117 samam
417 3038 631 3138 gloriamque
653 3036 861 3112 Academiae
880 3039 995 3136 adque
1016 3039 1091 3138 ejus
1115 3039 1261 3114 salutem
1280 3040 1432 3114 multum
1459 3039 1611 3113 conferre
1636 3039 1780 3118 debetis,

269 3161 317 3233 Et
347 3159 514 3258 potestis,
551 3179 697 3254 meoque
729 3179 820 3231 anno
850 3155 993 3232 fecistis.
1041 3156 1174 3231 Studiis
1211 3157 1331 3232 vestris
1354 3155 1578 3256 moribusque
1603 3164 1696 3233 certa
1721 3160 1781 3233 ha·

270 3278 392 3352 bemus
415 3275 621 3352 testimonia.
670 3274 820 3372 Jamque
852 3282 1000 3350 vestram
1028 3275 1184 3364 laudavi,
1219 3276 1255 3350 iu
1283 3277 1548 3375 Praeceptorum
1573 3276 1779 3352 lectionibus

271 3394 473 3482 audiendis,
522 3393 737 3492 diligentiam
783 3401 817 3468 et
853 3393 1091 3470 assiduitatem
1139 3394 1401 3493 studiorumque
1441 3395 1569 3469 bonam
1602 3395 1781 3471 rationem.

271 3515 369 3589 Haec
391 3513 468 3612 ipsa
493 3512 621 3600 virtus,
649 3535 711 3610 per
732 3537 829 3610 spem
855 3520 1024 3599 vestram,
1049 3537 1111 3612 per
1136 3520 1283 3587 vestram
1307 3537 1437 3612 perque
1459 3511 1667 3588 Academiae
1689 3513 1779 3588 salu·

272 3641 363 3721 tem,
398 3631 469 3706 Vos
499 3656 559 3706 oro
593 3638 628 3704 et
662 3631 835 3706 obtestor!
872 3631 977 3706 etiam
1005 3639 1110 3729 atque
1143 3631 1248 3706 etiam
1272 3632 1369 3707 vobis
1401 3656 1502 3707 curae
1529 3629 1693 3730 cordique
1725 3631 1780 3706 sit.

272 3754 328 3827 Sic
363 3735 431 3851 ipsi
467 3751 615 3850 vigiletis
648 3758 684 3824 et
712 3751 940 3850 prohibeatis,
973 3751 1158 3849 quominus
1178 3751 1279 3849 plena
1300 3751 1359 3826 illa
1386 3751 1546 3838 libertas,
1571 3749 1641 3848 qud
1661 3750 1781 3826 acade-

270 3873 396 3947 micam
423 3870 618 3958 civitatem,
649 3870 780 3945 indocti
810 3870 937 3968 pariter
965 3895 1005 3944 ac
1038 3878 1129 3945 recte
1164 3869 1295 3957 edocti,
1324 3869 1497 3969 postulare
1523 3876 1688 3968 possunt,
1713 3893 1777 3942 neo

271 3992 390 4066 multis
419 3997 571 4064 vestrum
598 4013 662 4063 uec
688 3989 895 4064 Academiae
927 3988 1038 4064 famae
1066 3989 1215 4064 maxime
1248 3997 1386 4078 noceat,
1419 4013 1504 4063 neve
1535 3988 1639 4086 plus,
1671 4011 1777 4086 quam

268 4111 340 4209 jam
362 4109 434 4209 jam
458 4107 616 4181 nocrdsse
640 4131 717 4182 eam
742 4107 917 4196 dolemus,
942 4108 988 4182 sit
1010 4108 1177 4185 nocitura.
1694 4115 1700 4124 '

319 4233 374 4304 De
410 4227 534 4303 studiis
562 4227 683 4300 vestris
706 4227 743 4300 in
767 4252 892 4325 genere
921 4227 951 4302 si
976 4227 1063 4302 bene
1081 4229 1244 4316 dixerim,
1269 4235 1306 4302 at
1328 4239 1439 4302 mores
1461 4226 1565 4302 etiam
1588 4225 1776 4301 maximam

270 4359 402 4450 partem
430 4355 513 4422 sunt
546 4347 719 4422 laudandi.
778 4347 825 4420 Et
852 4348 987 4447 saepius
1019 4347 1160 4445 quidem
1189 4347 1300 4422 bonae
1327 4347 1453 4422 mentis
1477 4345 1649 4445 praeclara
1670 4344 1775 4418 docu-

271 4477 388 4543 menta
418 4466 581 4561 dedistis,
611 4465 741 4564 quibus
766 4465 1074 4542 Rectoris'munus
1093 4465 1364 4566 placidissimum
1391 4464 1477 4540 mihi
1498 4464 1651 4562 contigit.
1705 4461 1774 4535 Sed

313 4727 339 4800 ¹)
360 4723 424 4784 Vid.
445 4725 597 4784 Aemulatio
616 4725 728 4788 XVIII.
776 4777 779 4782 .

311 4822 339 4896 ⁸)
359 4818 424 4878 Vid.
443 4819 596 4879 Armatatio
615 4819 695 4878 XIX.
