4874 6182
687 663 782 780 *ros
963 633 967 641 ’
1277 661 1310 727 x.
1342 657 1378 726 o.
1414 657 1672 725 nonanus

768 868 856 944 Jura
877 891 1020 968 praxeos
1044 866 1196 942 medicae
1219 890 1276 941 me
1302 873 1551 942 memorantem
1575 865 1771 953 audivistis,
1795 863 1982 938 Auditores
2004 863 2227 963 optatissimi!

719 995 837 1062 utrum
871 993 988 1062 autem
1018 985 1097 1084 jura
1129 1011 1173 1061 an
1209 985 1320 1060 officia
1354 985 1421 1060 iste
1455 986 1624 1074 dicerem,
1666 986 1728 1059 diu
1759 981 1887 1056 dubius
1920 982 2025 1056 hacsi.
2081 983 2230 1058 Videtur

720 1107 813 1180 enim
842 1104 957 1203 praxis
986 1103 1120 1180 medica
1153 1105 1240 1180 adeo
1280 1103 1430 1203 segniter
1464 1129 1527 1178 sua
1553 1105 1662 1193 tueri,
1696 1109 1847 1201 atquae
1871 1107 2036 1198 tanquam
2061 1102 2141 1200 jura
2168 1102 2230 1176 sibi

719 1223 891 1298 vindicare
915 1221 1111 1310 debuisset,
1136 1222 1221 1298 haec
1243 1229 1409 1321 tanquam
1435 1223 1545 1298 officia
1566 1223 1633 1323 ipsi
1660 1224 1730 1297 sint
1753 1219 2034 1296 commendanda.
2084 1221 2109 1294 J
2111 1246 2152 1296 os
2181 1231 2230 1295 est

717 1341 815 1442 praxi
836 1342 988 1416 medicae
1012 1349 1052 1415 ut
1077 1341 1149 1415 suis
1170 1341 1385 1440 propriisque
1409 1341 1645 1417 fundamentis
1668 1342 1818 1428 nitatur;
1852 1339 1936 1414 haec
1962 1345 2080 1414 autem
2106 1339 2228 1414 lunda·

719 1470 837 1537 menta
855 1459 998 1560 empiria
1016 1461 1251 1558 therapeutica
1266 1460 1473 1536 constituere
1493 1461 1569 1561 ipsa
1586 1462 1742 1562 negligit.
1778 1462 1801 1533 J
1804 1485 1844 1534 us
1858 1459 1963 1534 habet
1975 1459 2231 1557 disciplinarum

719 1581 874 1656 affinium
903 1579 1087 1677 imperium
1119 1580 1322 1668 recusandi,
1360 1605 1506 1678 quarum
1537 1581 1624 1681 jugo
1658 1582 1760 1657 malle
1785 1605 1821 1654 se
1854 1579 2058 1654 submittere
2085 1579 2229 1654 videtur.

719 1698 798 1774 Hac
818 1699 937 1785 illave,
963 1723 1069 1797 quam
1094 1707 1275 1797 sequatur,
1300 1699 1431 1774 theoria
1452 1701 1574 1798 praxin
1596 1701 1828 1776 medicamirt
1846 1699 2034 1797 plurimum
2062 1697 2230 1773 imbutam

720 1817 847 1906 fuisse,
874 1841 937 1890 nos
964 1815 1082 1892 docuit
1103 1827 1307 1917 conspectus
1328 1819 1509 1908 historiae;
1534 1843 1648 1919 neque
1669 1820 1733 1895 hac
1754 1825 1871 1893 nostra
1895 1825 2007 1894 aetate
2033 1817 2070 1890 in
2098 1817 2232 1916 plenam

719 1934 915 2008 libertatem
949 1959 986 2008 se
1012 1933 1203 2008 vindicasse
1234 1937 1391 2036 exempla
1417 1938 1665 2015 demonstrant.
1724 1938 1871 2012 Theoria
1891 1937 1996 2024 duce,
2027 1943 2089 2012 aut
2112 1937 2229 2012 saltem

720 2060 912 2140 annuente,
948 2053 1062 2152 praxis
1088 2053 1155 2128 sibi
1180 2079 1385 2152 persuasum
1413 2055 1559 2145 habuit,
1583 2057 1765 2155 plerosque
1790 2056 1928 2132 morbos
1952 2056 2233 2130 inflammator-ios

721 2172 899 2271 sanguinis
925 2172 1135 2247 detractione
1161 2175 1283 2248 curari.
1335 2177 1457 2254 Quum
1484 2201 1562 2250 vero
1581 2177 1653 2276 jam
1679 2175 1818 2273 sceptici
1840 2175 1876 2248 in
1897 2175 2109 2273 pneumonia
2132 2197 2235 2248 venae

721 2293 907 2366 sectionem
941 2292 1122 2380 inutilem,
1154 2293 1225 2366 imo
1259 2291 1456 2389 saepissime
1493 2291 1649 2366 nocivam
1684 2316 1781 2379 esse,
1814 2289 1976 2365 audacter
2008 2293 2234 2378 affirmarent,

717 2412 822 2488 armis
858 2435 971 2486 carere
1002 2411 1076 2486 visa
1106 2417 1175 2499 est,
1211 2409 1340 2509 quibus
1375 2410 1616 2508 antiquissima
1647 2416 1828 2509 praecepta
1858 2417 1995 2484 strenue
2024 2409 2235 2484 defenderet.

720 2531 811 2608 Quis
829 2530 1062 2618 medicorum,
1088 2530 1149 2604 ubi
1169 2530 1331 2628 sanguis,
1355 2528 1445 2602 vasis
1464 2529 1596 2627 ruptis,
1612 2528 1791 2604 cerebrum
1811 2527 2004 2627 comprimit
2027 2529 2135 2626 idque
2154 2553 2235 2627 apo·

718 2649 852 2746 plexiae
874 2635 1121 2747 symptomatis
1134 2649 1304 2748 stipatur,
1329 2648 1510 2746 hucusque
1533 2673 1657 2723 venam
1683 2649 1866 2723 secandam
1892 2672 1960 2722 non
1979 2647 2235 2744 praecepisset?

717 2769 816 2842 Inter
845 2768 1050 2842 recentiores
1077 2775 1194 2842 autem
1231 2767 1410 2856 nonnulli,
1443 2767 1867 2854 observationibuslreti,
1903 2764 2125 2864 asanguihis
2149 2765 2238 2838 mis·

722 2887 816 2960 sione
848 2887 886 2960 in
918 2886 1097 2986 apoplexia
1124 2887 1297 2962 abstinere
1321 2887 1466 2986 jubent,
1497 2909 1611 2984 neque
1642 2886 1706 2960 hos
1728 2885 1800 2970 felli
1826 2910 1888 2984 pro
1924 2910 1965 2959 ea
1988 2909 2058 2982 qua
2078 2883 2240 2983 indigent

718 3005 881 3079 firmitate
913 3029 1057 3102 praxeos
1085 3007 1241 3104 regulae,
1266 3031 1310 3080 ex
1329 3005 1518 3079 observatis
1541 3005 1630 3078 effici
1651 3011 1776 3103 potest.
1826 3003 2003 3080 Nimirum
2024 3003 2237 3102 pressionem

720 3123 870 3196 diminui
901 3129 936 3194 et
968 3122 1120 3196 ulteriori
1145 3123 1325 3221 sanguinis
1348 3124 1506 3198 effamioni
1531 3147 1617 3198 vena
1642 3132 1735 3198 secta
1757 3121 1899 3210 obsisti,
1926 3122 2059 3196 theoria
2083 3121 2233 3196 indicare

719 3239 927 3328 videbatur,
957 3263 1062 3338 quam
1092 3240 1336 3315 indicationem
1363 3242 1478 3339 praxis
1513 3250 1631 3316 secuta
1658 3249 1731 3330 est,
1761 3267 1831 3316 non
1863 3241 1945 3315 satis
1969 3249 2149 3339 expertum
2171 3241 2234 3316 ha·

719 3359 828 3446 bens,
862 3357 960 3456 quis,
994 3359 1150 3457 neglecta
1179 3383 1285 3434 venae
1317 3359 1487 3448 sectione,
1518 3361 1659 3436 taudem
1696 3362 1742 3436 sit
1777 3362 1941 3436 decursus
1973 3367 2010 3434 et
2034 3359 2160 3434 exitus.
2188 3401 2237 3417 -

719 3477 762 3551 In
788 3477 895 3576 typho
917 3476 1128 3552 abdominali
1147 3479 1223 3567 alii,
1249 3478 1467 3553 enteritidem
1488 3479 1670 3578 suspicati,
1694 3480 1873 3579 sanguinis
1895 3478 2098 3554 emissiones
2120 3479 2237 3554 lauda·

719 3601 823 3680 runt,
854 3593 932 3682 alii,
965 3602 1116 3692 systema
1146 3619 1328 3671 nervosum
1359 3595 1504 3672 fractum
1536 3596 1721 3686 habentes,
1746 3599 1792 3674 ad
1812 3599 2087 3686 corroborantia,
2113 3599 2235 3672 stimu-

719 3711 847 3798 lantis,
883 3719 924 3784 ut
959 3713 1005 3785 ad
1038 3713 1232 3812 sulphatem
1269 3715 1398 3808 ohiniui
1432 3723 1468 3790 et
1502 3715 1626 3790 similia
1660 3718 1931 3818 confugiendum
1970 3717 2137 3803 suadent;
2174 3716 2234 3790 alii

722 3830 891 3928 denique,
923 3831 1101 3929 sanguinis
1135 3833 1396 3909 dissolutionem
1431 3841 1647 3923 accusantes,
1681 3836 1850 3911 chlorium
1881 3844 1917 3910 et
1938 3835 2037 3910 acida
2058 3835 2235 3935 mineralia

718 3973 802 4058 prae
835 3949 978 4023 caeteris
1003 3953 1266 4041 commendant,
1291 3959 1353 4028 aut
1376 3953 1585 4052 hydrargyro
1610 3927 1689 4028 bilis
1712 3956 1934 4030 secretionem
1967 3955 2236 4054 promovendam

718 4069 872 4166 jactant,
913 4075 955 4140 ut
999 4069 1177 4144 elementis
1218 4071 1347 4146 nocivis
1382 4072 1522 4171 sanguis
1555 4081 1732 4172 purgetur.
1794 4074 1970 4172 Plerisque
2004 4075 2053 4149 sic
2086 4075 2235 4157 theoriae

720 4186 860 4262 cuidam
882 4186 1166 4278 inservientibus,
1190 4189 1389 4289 paucissimi
1409 4191 1661 4268 observationes
1687 4193 1776 4267 inter
1802 4219 1838 4267 sc
1864 4194 2111 4293 comparandas
2137 4194 2233 4266 evul-

720 4313 866 4404 garunt,
900 4330 919 4380 e
950 4305 1079 4405 quibus
1102 4309 1234 4407 optima
1257 4309 1400 4384 curandi
1423 4310 1607 4386 methodus
1630 4313 1807 4400 efficiatur,
1856 4313 1980 4410 Neque
2003 4313 2068 4386 soli
2092 4311 2234 4410 sceptici

720 4431 824 4512 sunt,
859 4424 920 4522 qui
951 4433 1129 4524 propterea
1159 4427 1196 4500 in
1229 4428 1304 4502 diro
1334 4428 1437 4504 hocce
1461 4429 1582 4506 morbo
1606 4439 1826 4530 praeceptum
1849 4439 2064 4530 sequunturs
2082 4433 2232 4518 chetim,

720 4546 903 4618 trimodum
928 4548 1044 4620 neema
1098 4571 1103 4580 ·

768 4661 951 4760 Perpensis
986 4665 1170 4755 omnibus,
1201 4667 1334 4743 tristem
1366 4669 1479 4758 illam,
1510 4670 1641 4770 inqua
1668 4671 1777 4769 major
1801 4696 1880 4770 pars
1905 4695 2049 4770 praxeos
2078 4671 2232 4746 medicae

722 4786 892 4869 versatur,
934 4783 1165 4860 conditionem
1196 4809 1265 4860 nou
1297 4786 1420 4862 dubito
1456 4788 1602 4866 directae
1633 4791 1832 4887 praesertim
1864 4790 2028 4889 empirice
2059 4789 2234 4888 neglectui
