4986 6200
722 675 766 745 22
1306 681 1344 746 G.
1379 681 1408 748 J.
1441 681 1663 750 vauulrr

726 881 865 959 serviret
887 887 930 978 ¹).
980 883 1113 963 Quanti
1142 883 1291 984 denique
1322 886 1472 962 Mamur
1497 886 1670 962 doctrinae
1696 885 1941 984 praestantiam
1969 887 2114 976 laceret,
2140 889 2240 966 iden-

726 1004 835 1078 tidem
868 1003 1054 1104 probavit,¹
1076 1003 1250 1102 huJusqne
1282 1005 1543 1081 existimationis
1572 1007 1637 1080 hoo
1658 1029 1797 1103 qnoque
1828 1005 1872 1078 sit
1899 1006 2117 1095 testimonio,
2141 1013 2237 1108 qnod

726 1123 885 1197 Manuro
922 1123 1126 1220 persuadere
1147 1115 1261 1223 'posse
1298 1125 1404 1200 etiam
1437 1133 1543 1223 atque
1578 1125 1684 1200 etiam
1719 1124 1925 1212 eniteretur,
1962 1134 2003 1200 ut
2039 1127 2236 1204 cathedram

724 1243 899 1316 literarum
923 1267 1145 1340 graecarum,
1177 1244 1215 1316 in
1235 1243 1422 1318 Academit
1444 1245 1671 1333 Bruxellant,
1698 1244 1728 1318 si
1752 1243 1951 1342 erigendam
1975 1243 2235 1334 concederetur,

723 1361 875 1460 accipere
901 1360 1014 1436 vellet.
1064 1361 1387 1439 Wrrrnunrcnros
1417 1371 1536 1438 autem
1561 1364 1689 1464 aliique
1713 1359 1884 1462 ejusmodi
1909 1359 2090 1438 eonsilium
2115 1389 2235 1464 capere

722 1503 862 1578 prorsus
886 1479 1144 1556 dissuadebant.
1195 1483 1380 1557 Caeterum
1402 1507 1457 1558 res
1480 1485 1556 1582 ipsa
1578 1484 1615 1556 in
1639 1481 1846 1556 obhvionem
1871 1482 1968 1556 abiit.
2118 1489 2120 1494 '

771 1599 939 1698 Tempore
963 1600 1028 1674 hoc
1057 1601 1275 1698 iniquissimo
1305 1601 1484 1676 Minurus
1520 1609 1691 1690 attamen,
1731 1602 1826 1699 quod
1862 1601 2021 1700 pluribus
2058 1597 2230 1678 literarum

723 1717 913 1792 cultoribus
944 1719 1000 1792 vin
1029 1719 1232 1818 eontigerit,
1265 1721 1372 1796 literis
1406 1722 1542 1820 saepius
1566 1745 1684 1796 vacare
1707 1721 1832 1819 potuit.
1881 1719 2096 1794 Industriam
2117 1731 2234 1796 autem

724 1858 824 1909 suam
843 1835 1004 1934 probarit
1024 1837 1167 1912 edendis
1192 1840 1294 1913 variis
1316 1841 1514 1940 opusculis,
1540 1863 1687 1938 qnorum
1711 1863 1899 1914 memorare
1920 1839 1977 1914 hic
1999 1837 2116 1928 liceat,
2142 1843 2236 1938 quod

721 1954 935 2043 inscribitur,
960 1959 1139 2055 Eprhtolce
1162 1961 1335 2032 Sodalicm
1363 1962 1608 2034 Socraticorum
1631 1959 1906 2045 Philomelae,
1931 1981 2125 2056 numquam
2147 1983 2234 2058 quae

723 2073 866 2148 fortasse
898 2076 1123 2174 prodiissent,
1162 2079 1236 2152 sine
1274 2077 1469 2177 gratissimo
1504 2077 1563 2152 illo
1592 2077 1708 2152 animo
1731 2085 1768 2151 et
1787 2077 1938 2174 pietate,
1963 2080 2032 2175 qut
2056 2078 2235 2152 Minurus

722 2201 795 2268 erat
834 2217 916 2292 erga
954 2195 1313 2285 Wrnrnunsonruu,
1358 2198 1505 2272 alterum
1543 2197 1637 2271 velut
1675 2205 1853 2296 parentem
1888 2219 1994 2294 quem
2032 2195 2165 2272 colebat
2196 2222 2237 2272 ac

720 2313 963 2403 venerabatur,
990 2314 1172 2389 defendere
1189 2341 1313 2415 quem,
1337 2341 1468 2415 proque
1489 2316 1564 2415 ejus
1587 2315 1738 2390 nominis
1759 2315 1850 2389 lame
1875 2339 2114 2414 propugnare,
2139 2341 2233 2416 pror·

724 2456 782 2506 sus
808 2457 913 2507 suum
937 2458 1012 2508 esse
1036 2433 1257 2510 existimabat
1280 2430 1325 2528 θ).

769 2553 902 2628 Rerum
945 2554 1163 2654 publicarum
1195 2556 1364 2644 mutatio,
1404 2554 1566 2630 omnibus
1600 2553 1730 2654 pahiae
1768 2559 1804 2627 et
1836 2551 2002 2627 libertatis
2034 2552 2234 2627 amantibus

721 2674 937 2770 gratissima,
973 2676 1132 2763 Mannro
1166 2699 1329 2774 prospera
1363 2683 1445 2750 erat.
1506 2674 1646 2748 Etenim
1670 2697 1751 2747 eum
1782 2695 1873 2748 anno
1895 2675 1989 2746 1816
2015 2671 2094 2744 novi
2113 2671 2230 2770 Regni

719 2793 952 2868 Neerlandiae¹
990 2793 1124 2892 primus
1161 2795 1239 2867 Rex
1275 2795 1507 2868 Gurnrnrmus
1555 2793 1711 2867 Gaadcoi
1745 2791 1967 2866 Academiam
2000 2787 2232 2876 condidisset,

716 2913 898 2985 Minurus
921 2912 1145 3008 dignissimus
1170 2911 1384 2998 habebatur,
1417 2913 1478 3008 qui
1499 2913 1590 2984 inter
1612 2911 1741 3009 primos
1763 2933 1871 2984 novae
1894 2907 2126 2983 universitatis
2150 2907 2233 3018 Pro-

716 3028 862 3101 sessores
895 3027 1122 3101 honorificum
1156 3028 1272 3102 locum
1307 3027 1489 3102 obtineret.
1550 3028 1628 3102 Hoc
1661 3051 1805 3106 munere
1839 3027 2042 3128 professoria
2080 3027 2234 3102 alacriter

717 3147 820 3246 fungi
843 3145 972 3244 incepit
994 3147 1050 3238 ³),
1085 3145 1262 3243 illudque,
1297 3147 1386 3221 bene
1425 3147 1580 3221 docendo
1612 3131 1832 3245 multumque
1867 3149 1904 3220 in
1936 3147 2112 3220 literarum
2143 3151 2232 3220 recte

718 3265 853 3340 colendi
885 3265 994 3339 studii
1027 3265 1300 3338 emolumentum
1329 3265 1554 3353 conferendo,
1579 3290 1642 3364 per
1667 3269 1712 3338 13
1738 3290 1846 3340 annos
1871 3265 2091 3341 laudabiliter
2116 3265 2231 3364 gessit.

721 3386 777 3460 Sic
805 3409 836 3462 v.
862 3409 891 3459 c.
927 3384 1001 3482 ejus
1032 3387 1114 3457 curt
1142 3391 1177 3460 et
1207 3386 1309 3482 opert
1333 3383 1463 3460 lactum
1487 3391 1561 3473 est,
1588 3392 1628 3457 nt
1649 3384 1825 3459 hterarum
1845 3411 1925 3460 cum
1948 3385 2133 3458 latinarum
2155 3393 2230 3458 tum

717 3529 796 3579 vero
831 3503 1002 3603 imprimis
1037 3527 1236 3602 graecarum
1268 3503 1443 3592 studium,
1479 3505 1574 3604 quod
1608 3505 1645 3578 in
1677 3505 1799 3604 Belgio
1834 3505 1904 3577 lere
1930 3505 2102 3603 jacuerat,
2136 3501 2229 3576 hreri

718 3625 860 3723 quidem
906 3624 1112 3720 erigeretur,
1158 3624 1345 3722 paucisque
1379 3632 1458 3722 post
1494 3625 1718 3700 Academiam
1755 3623 2019 3698 Gandavensem
2056 3622 2230 3697 conditam

720 3739 840 3828 annis,
870 3740 942 3840 jam
970 3739 1129 3813 nonnulli
1152 3739 1327 3814 literarum
1350 3741 1546 3829 candidati,
1571 3742 1746 3816 literarum
1771 3743 1987 3841 disciplinam
2009 3741 2170 3816 subtilius
2195 3749 2230 3813 et

719 3859 810 3932 felici
842 3883 1002 3934 successu
1033 3859 1200 3948 colentes,
1237 3855 1283 3934 ad
1317 3883 1461 3934 munera
1499 3860 1699 3935 scholastica
1727 3860 1889 3936 obeunda
1924 3868 2133 3936 vocarentur.
2183 3861 2230 3932 Et

675 4046 679 4051 .
719 3979 841 4076 quovis
863 3979 1006 4076 quidem
1027 3978 1131 4052 modo
1152 3979 1325 4053 studiosae
1346 3979 1522 4078 juventuti
1542 3980 1702 4077 prodesse
1723 3983 1819 4056 omni
1841 4007 1906 4080 ope
1926 3979 2142 4066 enitebatur,
2166 4003 2228 4052 nec

719 4121 886 4196 umquam
904 4097 1057 4172 laborem
1079 4097 1373 4196 subterfugiebat,
1397 4123 1467 4197 quo
1484 4099 1690 4199 Academiae
1707 4101 1897 4175 commodis
1914 4101 2063 4176 serviret.
2098 4099 2227 4172 Omnes

719 4243 760 4290 ea
790 4224 948 4314 propter,
986 4216 1147 4315 discipuli
1178 4217 1304 4316 pariter
1332 4243 1372 4292 aa
1401 4219 1569 4317 collegae,
1594 4219 1713 4317 magni
1733 4221 1904 4295 faciebant
1925 4221 2036 4293 virum
2057 4217 2226 4317 probum,

717 4337 863 4412 candore
880 4363 920 4412 ac
939 4337 1157 4436 simplicitate
1176 4337 1270 4412 haud
1288 4339 1403 4412 minus
1424 4363 1530 4436 quam
1551 4339 1705 4414 bonitate
1720 4349 1754 4414 et
1768 4340 1982 4415 humanitate
1998 4339 2226 4434 maximopere

757 4621 783 4696 1)
802 4622 869 4682 vid.
889 4624 1041 4683 Amatae
1061 4624 1098 4684 rr.

754 4716 782 4789 ἱ)
802 4717 868 4777 ure.
889 4719 1041 4778 Annotatio
1061 4719 1113 4778 xr.
1188 4761 1192 4766 -

758 4808 784 4883 ³)
803 4811 869 4871 vid.
888 4813 1040 4874 Amarae
1061 4785 1130 4872 xri.
