<?xml version="1.0" encoding="UTF-8"?>
<!DOCTYPE html PUBLIC "-//W3C//DTD XHTML 1.0 Transitional//EN"
    "http://www.w3.org/TR/xhtml1/DTD/xhtml1-transitional.dtd">
<html xmlns="http://www.w3.org/1999/xhtml" xml:lang="en" lang="en">
 <head>
  <title>
</title>
<meta http-equiv="Content-Type" content="text/html;charset=utf-8" />
  <meta name='ocr-system' content='tesseract 3.04.00' />
  <meta name='ocr-capabilities' content='ocr_page ocr_carea ocr_par ocr_line ocrx_word'/>
</head>
<body>
  <div class='ocr_page' id='page_1' title='image "annalesacademic02unkngoog_0086.png"; bbox 0 0 4986 6200; ppageno 0'>
   <div class='ocr_carea' id='block_1_1' title="bbox 732 711 1770 786">
    <p class='ocr_par' dir='ltr' id='par_1_1' title="bbox 732 711 1770 786">
     <span class='ocr_line' id='line_1_1' title="bbox 732 711 1770 786; baseline 0.006 -6"><span class='ocrx_word' id='word_1_1' title='bbox 732 713 924 781; x_wconf 75' lang='lat' dir='ltr'>santus</span> <span class='ocrx_word' id='word_1_2' title='bbox 969 711 1296 783; x_wconf 79' lang='lat' dir='ltr'>Lucrrorruu.</span> <span class='ocrx_word' id='word_1_3' title='bbox 1728 717 1770 786; x_wconf 78' lang='lat'>75</span> 
     </span>
    </p>
   </div>
   <div class='ocr_carea' id='block_1_2' title="bbox 248 918 1872 4829">
    <p class='ocr_par' dir='ltr' id='par_1_2' title="bbox 356 918 1766 1236">
     <span class='ocr_line' id='line_1_2' title="bbox 356 918 1545 1022; baseline 0.002 -28"><span class='ocrx_word' id='word_1_4' title='bbox 356 922 510 996; x_wconf 71' lang='lat' dir='ltr'>Primum</span> <span class='ocrx_word' id='word_1_5' title='bbox 541 921 671 1020; x_wconf 72' lang='lat' dir='ltr'>Rapum</span> <span class='ocrx_word' id='word_1_6' title='bbox 708 921 848 995; x_wconf 73' lang='lat' dir='ltr'>Librum</span> <span class='ocrx_word' id='word_1_7' title='bbox 883 918 1032 994; x_wconf 78' lang='lat' dir='ltr'>cursoria</span> <span class='ocrx_word' id='word_1_8' title='bbox 1062 919 1207 995; x_wconf 88' lang='lat' dir='ltr'>lectione</span> <span class='ocrx_word' id='word_1_9' title='bbox 1232 927 1377 996; x_wconf 76' lang='lat' dir='ltr'>trnctme</span> <span class='ocrx_word' id='word_1_10' title='bbox 1403 927 1545 1022; x_wconf 79' lang='lat' dir='ltr'>perget,</span> 
     </span>
     <span class='ocr_line' id='line_1_3' title="bbox 402 1039 1764 1126; baseline -0.001 -11"><span class='ocrx_word' id='word_1_11' title='bbox 402 1040 459 1116; x_wconf 87' lang='lat' dir='ltr'>die</span> <span class='ocrx_word' id='word_1_12' title='bbox 482 1039 625 1126; x_wconf 88' lang='lat' dir='ltr'>Martis,</span> <span class='ocrx_word' id='word_1_13' title='bbox 670 1094 1542 1118; x_wconf 89' lang='grc'><strong>.........................</strong></span> <span class='ocrx_word' id='word_1_14' title='bbox 1592 1040 1676 1116; x_wconf 81' lang='lat' dir='ltr'>hort</span> <span class='ocrx_word' id='word_1_15' title='bbox 1734 1042 1764 1114; x_wconf 95' lang='lat' dir='ltr'>I.</span> 
     </span>
     <span class='ocr_line' id='line_1_4' title="bbox 450 1157 1766 1246; baseline 0.001 -14"><span class='ocrx_word' id='word_1_16' title='bbox 450 1165 485 1234; x_wconf 91' lang='lat' dir='ltr'>et</span> <span class='ocrx_word' id='word_1_17' title='bbox 509 1158 566 1232; x_wconf 90' lang='lat' dir='ltr'>die</span> <span class='ocrx_word' id='word_1_18' title='bbox 589 1158 705 1246; x_wconf 86' lang='lat' dir='ltr'>Iovis,</span> <span class='ocrx_word' id='word_1_19' title='bbox 741 1211 1543 1236; x_wconf 89' lang='grc'><strong>.......................</strong></span> <span class='ocrx_word' id='word_1_20' title='bbox 1679 1157 1766 1235; x_wconf 92' lang='lat' dir='ltr'><strong>XII.</strong></span> 
     </span>
    </p>

    <p class='ocr_par' dir='ltr' id='par_1_3' title="bbox 287 1275 1544 1376">
     <span class='ocr_line' id='line_1_5' title="bbox 287 1275 1544 1376; baseline 0 -24"><span class='ocrx_word' id='word_1_21' title='bbox 287 1277 589 1376; x_wconf 86' lang='lat' dir='ltr'>Antiquitatas</span> <span class='ocrx_word' id='word_1_22' title='bbox 612 1277 849 1352; x_wconf 71' lang='lat' dir='ltr'>Isi-salitam</span> <span class='ocrx_word' id='word_1_23' title='bbox 876 1275 1080 1374; x_wconf 85' lang='lat' dir='ltr'>explicabit,</span> <span class='ocrx_word' id='word_1_24' title='bbox 1105 1275 1229 1350; x_wconf 87' lang='lat' dir='ltr'>diebus</span> <span class='ocrx_word' id='word_1_25' title='bbox 1254 1276 1395 1366; x_wconf 88' lang='lat' dir='ltr'>Lunae,</span> <span class='ocrx_word' id='word_1_26' title='bbox 1419 1277 1544 1352; x_wconf 89' lang='lat' dir='ltr'>Martis</span> 
     </span>
    </p>

    <p class='ocr_par' dir='ltr' id='par_1_4' title="bbox 352 1396 1764 1612">
     <span class='ocr_line' id='line_1_6' title="bbox 401 1396 1764 1485; baseline 0.001 -15"><span class='ocrx_word' id='word_1_27' title='bbox 401 1404 436 1470; x_wconf 91' lang='lat' dir='ltr'>et</span> <span class='ocrx_word' id='word_1_28' title='bbox 459 1396 624 1470; x_wconf 87' lang='lat' dir='ltr'>Mercurii</span> <span class='ocrx_word' id='word_1_29' title='bbox 635 1447 1545 1485; x_wconf 84' lang='grc'><strong>..........................</strong></span> <span class='ocrx_word' id='word_1_30' title='bbox 1679 1397 1764 1474; x_wconf 90' lang='lat' dir='ltr'>XII.</span> 
     </span>
     <span class='ocr_line' id='line_1_7' title="bbox 352 1513 1546 1612; baseline 0 -24"><span class='ocrx_word' id='word_1_31' title='bbox 352 1515 623 1590; x_wconf 88' lang='lat' dir='ltr'>Grammaticam</span> <span class='ocrx_word' id='word_1_32' title='bbox 656 1514 870 1589; x_wconf 84' lang='lat' dir='ltr'>Sanslrritam</span> <span class='ocrx_word' id='word_1_33' title='bbox 904 1514 1041 1590; x_wconf 82' lang='lat' dir='ltr'>docebit</span> <span class='ocrx_word' id='word_1_34' title='bbox 1064 1522 1099 1588; x_wconf 94' lang='lat' dir='ltr'>et</span> <span class='ocrx_word' id='word_1_35' title='bbox 1120 1513 1366 1612; x_wconf 87' lang='lat' dir='ltr'>Anthologiam</span> <span class='ocrx_word' id='word_1_36' title='bbox 1390 1513 1546 1588; x_wconf 83' lang='lat' dir='ltr'>Sanslui-</span> 
     </span>
    </p>

    <p class='ocr_par' dir='ltr' id='par_1_5' title="bbox 398 1631 1545 1733">
     <span class='ocr_line' id='line_1_8' title="bbox 398 1631 1545 1733; baseline -0.002 -24"><span class='ocrx_word' id='word_1_37' title='bbox 398 1643 490 1722; x_wconf 91' lang='lat' dir='ltr'>tam,</span> <span class='ocrx_word' id='word_1_38' title='bbox 526 1659 548 1710; x_wconf 87' lang='lat' dir='ltr'>a</span> <span class='ocrx_word' id='word_1_39' title='bbox 580 1634 633 1708; x_wconf 86' lang='lat' dir='ltr'>Ol.</span> <span class='ocrx_word' id='word_1_40' title='bbox 662 1634 829 1710; x_wconf 80' lang='lat' dir='ltr'>Lassarro</span> <span class='ocrx_word' id='word_1_41' title='bbox 865 1633 1012 1723; x_wconf 85' lang='lat' dir='ltr'>editam,</span> <span class='ocrx_word' id='word_1_42' title='bbox 1048 1633 1217 1733; x_wconf 85' lang='lat' dir='ltr'>explicare</span> <span class='ocrx_word' id='word_1_43' title='bbox 1245 1641 1387 1733; x_wconf 80' lang='lat' dir='ltr'><strong>perget,</strong></span> <span class='ocrx_word' id='word_1_44' title='bbox 1421 1631 1545 1708; x_wconf 87' lang='lat' dir='ltr'>diebus</span> 
     </span>
    </p>

    <p class='ocr_par' dir='ltr' id='par_1_6' title="bbox 397 1753 720 1841">
     <span class='ocr_line' id='line_1_9' title="bbox 397 1753 720 1841; baseline 0.003 -15"><span class='ocrx_word' id='word_1_45' title='bbox 397 1753 518 1828; x_wconf 87' lang='lat' dir='ltr'>Lunae</span> <span class='ocrx_word' id='word_1_46' title='bbox 542 1761 578 1826; x_wconf 91' lang='lat' dir='ltr'>et</span> <span class='ocrx_word' id='word_1_47' title='bbox 601 1753 720 1841; x_wconf 85' lang='lat' dir='ltr'>Iovis,</span> 
     </span>
    </p>

    <p class='ocr_par' dir='ltr' id='par_1_7' title="bbox 252 1869 1872 2196">
     <span class='ocr_line' id='line_1_10' title="bbox 252 1869 1548 1958; baseline 0.002 -14"><span class='ocrx_word' id='word_1_48' title='bbox 252 1871 292 1945; x_wconf 82' lang='grc' dir='ltr'>Τ.</span> <span class='ocrx_word' id='word_1_49' title='bbox 329 1873 373 1945; x_wconf 90' lang='lat' dir='ltr'>G.</span> <span class='ocrx_word' id='word_1_50' title='bbox 403 1871 437 1946; x_wconf 91' lang='lat' dir='ltr'>J.</span> <span class='ocrx_word' id='word_1_51' title='bbox 466 1871 658 1946; x_wconf 77' lang='lat' dir='ltr'>Juruaonr.</span> <span class='ocrx_word' id='word_1_52' title='bbox 693 1871 868 1947; x_wconf 82' lang='lat' dir='ltr'>Sermonis</span> <span class='ocrx_word' id='word_1_53' title='bbox 901 1871 1055 1947; x_wconf 77' lang='lat' dir='ltr'>Hebraei</span> <span class='ocrx_word' id='word_1_54' title='bbox 1093 1872 1263 1946; x_wconf 87' lang='lat' dir='ltr'>elementa</span> <span class='ocrx_word' id='word_1_55' title='bbox 1296 1869 1430 1958; x_wconf 89' lang='lat' dir='ltr'>tradet,</span> <span class='ocrx_word' id='word_1_56' title='bbox 1466 1895 1548 1946; x_wconf 88' lang='lat' dir='ltr'>cum</span> 
     </span>
     <span class='ocr_line' id='line_1_11' title="bbox 300 1989 1872 2089; baseline -0.001 -25"><span class='ocrx_word' id='word_1_57' title='bbox 300 1989 533 2065; x_wconf 83' lang='lat' dir='ltr'>Grammatict</span> <span class='ocrx_word' id='word_1_58' title='bbox 557 1990 781 2089; x_wconf 77' lang='lat' dir='ltr'>explicanda,</span> <span class='ocrx_word' id='word_1_59' title='bbox 805 1997 883 2063; x_wconf 94' lang='lat' dir='ltr'>tum</span> <span class='ocrx_word' id='word_1_60' title='bbox 908 1990 1087 2088; x_wconf 78' lang='lat' dir='ltr'>analyticis</span> <span class='ocrx_word' id='word_1_61' title='bbox 1112 1989 1281 2066; x_wconf 79' lang='lat' dir='ltr'>exercitiis</span> <span class='ocrx_word' id='word_1_62' title='bbox 1306 1989 1547 2077; x_wconf 85' lang='lat' dir='ltr'>moderandis,</span> <span class='ocrx_word' id='word_1_63' title='bbox 1659 2001 1671 2008; x_wconf 76' lang='grc'><em>’</em></span> <span class='ocrx_word' id='word_1_64' title='bbox 1868 2051 1872 2063; x_wconf 79' lang='grc'>.</span> 
     </span>
     <span class='ocr_line' id='line_1_12' title="bbox 300 2107 1764 2196; baseline 0.001 -14"><span class='ocrx_word' id='word_1_65' title='bbox 300 2108 423 2184; x_wconf 91' lang='lat' dir='ltr'>diebus</span> <span class='ocrx_word' id='word_1_66' title='bbox 446 2107 586 2196; x_wconf 88' lang='lat' dir='ltr'>Lunae,</span> <span class='ocrx_word' id='word_1_67' title='bbox 610 2109 736 2182; x_wconf 88' lang='lat' dir='ltr'>Martis</span> <span class='ocrx_word' id='word_1_68' title='bbox 760 2115 797 2183; x_wconf 89' lang='lat' dir='ltr'>ct</span> <span class='ocrx_word' id='word_1_69' title='bbox 820 2109 986 2184; x_wconf 79' lang='lat' dir='ltr'>Mercruii</span> <span class='ocrx_word' id='word_1_70' title='bbox 1021 2165 1540 2187; x_wconf 87' lang='grc'><strong>...............</strong></span> <span class='ocrx_word' id='word_1_71' title='bbox 1662 2108 1764 2185; x_wconf 91' lang='lat' dir='ltr'><strong>VIII.</strong></span> 
     </span>
    </p>

    <p class='ocr_par' dir='ltr' id='par_1_8' title="bbox 347 2211 1699 2454">
     <span class='ocr_line' id='line_1_13' title="bbox 347 2211 1699 2328; baseline 0 -24"><span class='ocrx_word' id='word_1_72' title='bbox 347 2211 542 2304; x_wconf 82' lang='lat' dir='ltr'>Literarum</span> <span class='ocrx_word' id='word_1_73' title='bbox 568 2227 816 2318; x_wconf 73' lang='lat' dir='ltr'>Arabicarum,</span> <span class='ocrx_word' id='word_1_74' title='bbox 836 2228 1112 2322; x_wconf 50' lang='lat' dir='ltr'>,erumnarum</span> <span class='ocrx_word' id='word_1_75' title='bbox 1139 2235 1174 2303; x_wconf 89' lang='lat' dir='ltr'>et</span> <span class='ocrx_word' id='word_1_76' title='bbox 1201 2227 1418 2328; x_wconf 86' lang='lat' dir='ltr'>Syriacarum</span> <span class='ocrx_word' id='word_1_77' title='bbox 1447 2228 1547 2304; x_wconf 90' lang='lat' dir='ltr'>initia</span> <span class='ocrx_word' id='word_1_78' title='bbox 1696 2293 1699 2304; x_wconf 93' lang='lat'><strong>.</strong></span> 
     </span>
     <span class='ocr_line' id='line_1_14' title="bbox 393 2347 1545 2454; baseline -0.003 -31"><span class='ocrx_word' id='word_1_79' title='bbox 393 2347 531 2423; x_wconf 82' lang='lat' dir='ltr'>docebit</span> <span class='ocrx_word' id='word_1_80' title='bbox 575 2347 678 2440; x_wconf 91' lang='lat' dir='ltr'>(duce</span> <span class='ocrx_word' id='word_1_81' title='bbox 721 2347 775 2422; x_wconf 88' lang='lat' dir='ltr'>cl.</span> <span class='ocrx_word' id='word_1_82' title='bbox 815 2348 994 2437; x_wconf 84' lang='lat' dir='ltr'>Rooaos,</span> <span class='ocrx_word' id='word_1_83' title='bbox 1041 2348 1228 2454; x_wconf 78' lang='lat' dir='ltr'>Wrrraao,</span> <span class='ocrx_word' id='word_1_84' title='bbox 1262 2347 1545 2442; x_wconf 69' lang='lat' dir='ltr'>amaram),</span> 
     </span>
    </p>

    <p class='ocr_par' dir='ltr' id='par_1_9' title="bbox 347 2465 1764 2686">
     <span class='ocr_line' id='line_1_15' title="bbox 395 2465 1764 2556; baseline 0.001 -16"><span class='ocrx_word' id='word_1_85' title='bbox 395 2466 520 2542; x_wconf 90' lang='lat' dir='ltr'>diebus</span> <span class='ocrx_word' id='word_1_86' title='bbox 543 2467 662 2556; x_wconf 91' lang='lat' dir='ltr'>Jovis,</span> <span class='ocrx_word' id='word_1_87' title='bbox 685 2465 832 2542; x_wconf 89' lang='lat' dir='ltr'>Veneris</span> <span class='ocrx_word' id='word_1_88' title='bbox 855 2475 891 2542; x_wconf 91' lang='lat' dir='ltr'>et</span> <span class='ocrx_word' id='word_1_89' title='bbox 915 2467 1056 2542; x_wconf 82' lang='lat' dir='ltr'>Satruni</span> <span class='ocrx_word' id='word_1_90' title='bbox 1060 2523 1540 2555; x_wconf 90' lang='grc'><strong>..............</strong></span> <span class='ocrx_word' id='word_1_91' title='bbox 1661 2465 1764 2542; x_wconf 89' lang='lat' dir='ltr'><strong>VIII.</strong></span> 
     </span>
     <span class='ocr_line' id='line_1_16' title="bbox 347 2584 1545 2686; baseline 0.002 -24"><span class='ocrx_word' id='word_1_92' title='bbox 347 2586 439 2662; x_wconf 82' lang='lat' dir='ltr'>Cum</span> <span class='ocrx_word' id='word_1_93' title='bbox 471 2585 741 2686; x_wconf 77' lang='lat' dir='ltr'>provectioribus</span> <span class='ocrx_word' id='word_1_94' title='bbox 770 2586 871 2686; x_wconf 77' lang='lat' dir='ltr'>leget.</span> <span class='ocrx_word' id='word_1_95' title='bbox 893 2584 1299 2685; x_wconf 79' lang='lat' dir='ltr'>Al-Bayano’l-Mogrib,</span> <span class='ocrx_word' id='word_1_96' title='bbox 1339 2603 1382 2662; x_wconf 83' lang='lat' dir='ltr'>e&#39;x</span> <span class='ocrx_word' id='word_1_97' title='bbox 1409 2585 1464 2663; x_wconf 91' lang='lat' dir='ltr'>ed.</span> <span class='ocrx_word' id='word_1_98' title='bbox 1491 2587 1545 2664; x_wconf 86' lang='lat' dir='ltr'>Ol.</span> 
     </span>
    </p>

    <p class='ocr_par' dir='ltr' id='par_1_10' title="bbox 346 2706 1766 3158">
     <span class='ocr_line' id='line_1_17' title="bbox 390 2706 1765 2794; baseline 0 -14"><span class='ocrx_word' id='word_1_99' title='bbox 390 2707 530 2794; x_wconf 83' lang='lat' dir='ltr'>Dozrr,</span> <span class='ocrx_word' id='word_1_100' title='bbox 555 2706 612 2780; x_wconf 89' lang='lat' dir='ltr'>dia</span> <span class='ocrx_word' id='word_1_101' title='bbox 636 2707 762 2780; x_wconf 87' lang='lat' dir='ltr'>Martis</span> <span class='ocrx_word' id='word_1_102' title='bbox 772 2762 1544 2793; x_wconf 91' lang='lat'><strong>......................</strong></span> <span class='ocrx_word' id='word_1_103' title='bbox 1716 2708 1765 2782; x_wconf 90' lang='lat' dir='ltr'>Il.</span> 
     </span>
     <span class='ocr_line' id='line_1_18' title="bbox 346 2823 1766 2920; baseline 0.004 -24"><span class='ocrx_word' id='word_1_104' title='bbox 346 2823 579 2898; x_wconf 76' lang='lat' dir='ltr'>EtHamasae</span> <span class='ocrx_word' id='word_1_105' title='bbox 593 2825 846 2898; x_wconf 77' lang='lat' dir='ltr'>Caminacum</span> <span class='ocrx_word' id='word_1_106' title='bbox 854 2823 1015 2898; x_wconf 79' lang='lat' dir='ltr'>Tranizir</span> <span class='ocrx_word' id='word_1_107' title='bbox 1027 2823 1544 2920; x_wconf 88' lang='lat' dir='ltr'>Commentari0,dieVeneris‚</span> <span class='ocrx_word' id='word_1_108' title='bbox 1609 2825 1766 2902; x_wconf 85' lang='lat' dir='ltr'><strong>XII-I.</strong></span> 
     </span>
     <span class='ocr_line' id='line_1_19' title="bbox 346 2941 1763 3032; baseline 0.003 -16"><span class='ocrx_word' id='word_1_109' title='bbox 346 2942 826 3030; x_wconf 70' lang='lat' dir='ltr'>Coranumaddiuleotione</span> <span class='ocrx_word' id='word_1_110' title='bbox 837 2941 1084 3018; x_wconf 79' lang='lat' dir='ltr'>commentarii</span> <span class='ocrx_word' id='word_1_111' title='bbox 1093 2941 1347 3030; x_wconf 73' lang='lat' dir='ltr'>Baidhawiani,</span> <span class='ocrx_word' id='word_1_112' title='bbox 1360 2941 1540 3032; x_wconf 86' lang='lat' dir='ltr'>dieJovis,</span> <span class='ocrx_word' id='word_1_113' title='bbox 1598 2944 1763 3020; x_wconf 86' lang='lat' dir='ltr'><strong>V-VII.</strong></span> 
     </span>
     <span class='ocr_line' id='line_1_20' title="bbox 348 3059 1766 3158; baseline 0.004 -25"><span class='ocrx_word' id='word_1_114' title='bbox 348 3059 544 3134; x_wconf 78' lang='lat' dir='ltr'>chronicon</span> <span class='ocrx_word' id='word_1_115' title='bbox 568 3059 745 3158; x_wconf 85' lang='lat' dir='ltr'>Syriacum</span> <span class='ocrx_word' id='word_1_116' title='bbox 771 3060 1030 3147; x_wconf 88' lang='lat' dir='ltr'>Bar-Hebraei,</span> <span class='ocrx_word' id='word_1_117' title='bbox 1054 3059 1112 3134; x_wconf 88' lang='lat' dir='ltr'>dic</span> <span class='ocrx_word' id='word_1_118' title='bbox 1135 3059 1248 3147; x_wconf 84' lang='lat' dir='ltr'>Iovis,</span> <span class='ocrx_word' id='word_1_119' title='bbox 1280 3111 1544 3138; x_wconf 92' lang='lat'><strong>........</strong></span> <span class='ocrx_word' id='word_1_120' title='bbox 1714 3065 1766 3139; x_wconf 83' lang='lat'>11.</span> 
     </span>
    </p>

    <p class='ocr_par' dir='ltr' id='par_1_11' title="bbox 248 3178 1764 3277">
     <span class='ocr_line' id='line_1_21' title="bbox 248 3178 1764 3277; baseline 0.004 -25"><span class='ocrx_word' id='word_1_121' title='bbox 248 3181 281 3255; x_wconf 89' lang='lat' dir='ltr'>J.</span> <span class='ocrx_word' id='word_1_122' title='bbox 307 3179 356 3255; x_wconf 91' lang='lat' dir='ltr'>H.</span> <span class='ocrx_word' id='word_1_123' title='bbox 383 3179 575 3254; x_wconf 82' lang='lat' dir='ltr'>Srurrrrrrr</span> <span class='ocrx_word' id='word_1_124' title='bbox 598 3179 764 3277; x_wconf 82' lang='lat' dir='ltr'>Iogicam</span> <span class='ocrx_word' id='word_1_125' title='bbox 788 3179 920 3266; x_wconf 75' lang='lat' dir='ltr'>uadet,</span> <span class='ocrx_word' id='word_1_126' title='bbox 945 3179 1069 3254; x_wconf 87' lang='lat' dir='ltr'>diebus</span> <span class='ocrx_word' id='word_1_127' title='bbox 1092 3179 1189 3252; x_wconf 89' lang='lat' dir='ltr'>Jovis</span> <span class='ocrx_word' id='word_1_128' title='bbox 1214 3185 1250 3252; x_wconf 89' lang='lat' dir='ltr'>et</span> <span class='ocrx_word' id='word_1_129' title='bbox 1274 3178 1434 3268; x_wconf 83' lang='lat' dir='ltr'>Saturni,</span> <span class='ocrx_word' id='word_1_130' title='bbox 1462 3238 1470 3254; x_wconf 94' lang='lat'><strong>.</strong></span> <span class='ocrx_word' id='word_1_131' title='bbox 1497 3238 1505 3254; x_wconf 97' lang='lat'><strong>.</strong></span> <span class='ocrx_word' id='word_1_132' title='bbox 1532 3239 1541 3255; x_wconf 97' lang='lat'><strong>.</strong></span> <span class='ocrx_word' id='word_1_133' title='bbox 1695 3183 1764 3259; x_wconf 94' lang='lat' dir='ltr'>IX.</span> 
     </span>
    </p>

    <p class='ocr_par' dir='ltr' id='par_1_12' title="bbox 344 3295 1764 3756">
     <span class='ocr_line' id='line_1_22' title="bbox 439 3295 1764 3386; baseline 0.002 -14"><span class='ocrx_word' id='word_1_134' title='bbox 439 3305 476 3372; x_wconf 91' lang='lat' dir='ltr'>et</span> <span class='ocrx_word' id='word_1_135' title='bbox 499 3297 556 3372; x_wconf 87' lang='lat' dir='ltr'>dia</span> <span class='ocrx_word' id='word_1_136' title='bbox 579 3295 724 3372; x_wconf 85' lang='lat' dir='ltr'>Veneris</span> <span class='ocrx_word' id='word_1_137' title='bbox 734 3355 998 3386; x_wconf 89' lang='lat'><strong>........</strong></span> <span class='ocrx_word' id='word_1_138' title='bbox 1013 3321 1022 3338; x_wconf 81' lang='lat'><strong><em>‘</em></strong></span> <span class='ocrx_word' id='word_1_139' title='bbox 1025 3353 1543 3375; x_wconf 93' lang='grc'><strong>...............</strong></span> <span class='ocrx_word' id='word_1_140' title='bbox 1697 3301 1764 3377; x_wconf 90' lang='grc' dir='ltr'>ΧΙ.</span> 
     </span>
     <span class='ocr_line' id='line_1_23' title="bbox 344 3414 1764 3516; baseline 0.003 -25"><span class='ocrx_word' id='word_1_141' title='bbox 344 3416 622 3516; x_wconf 85' lang='lat' dir='ltr'>Metaphysicam</span> <span class='ocrx_word' id='word_1_142' title='bbox 647 3416 801 3506; x_wconf 87' lang='lat' dir='ltr'>docebit,</span> <span class='ocrx_word' id='word_1_143' title='bbox 827 3417 883 3491; x_wconf 89' lang='lat' dir='ltr'>die</span> <span class='ocrx_word' id='word_1_144' title='bbox 907 3415 1032 3491; x_wconf 88' lang='lat' dir='ltr'>Martis</span> <span class='ocrx_word' id='word_1_145' title='bbox 1057 3424 1092 3492; x_wconf 90' lang='lat' dir='ltr'>et</span> <span class='ocrx_word' id='word_1_146' title='bbox 1115 3414 1302 3503; x_wconf 88' lang='lat' dir='ltr'>Mercurii,</span> <span class='ocrx_word' id='word_1_147' title='bbox 1350 3473 1542 3496; x_wconf 90' lang='lat'><strong>......</strong></span> <span class='ocrx_word' id='word_1_148' title='bbox 1715 3419 1764 3496; x_wconf 94' lang='lat' dir='ltr'>X.</span> 
     </span>
     <span class='ocr_line' id='line_1_24' title="bbox 344 3533 1761 3636; baseline 0.001 -26"><span class='ocrx_word' id='word_1_149' title='bbox 344 3535 537 3611; x_wconf 86' lang='lat' dir='ltr'>Historiam</span> <span class='ocrx_word' id='word_1_150' title='bbox 566 3535 807 3636; x_wconf 88' lang='lat' dir='ltr'>Philosophiae</span> <span class='ocrx_word' id='word_1_151' title='bbox 835 3535 1040 3634; x_wconf 85' lang='lat' dir='ltr'>explicabit,</span> <span class='ocrx_word' id='word_1_152' title='bbox 1074 3534 1199 3610; x_wconf 90' lang='lat' dir='ltr'>diebus</span> <span class='ocrx_word' id='word_1_153' title='bbox 1221 3533 1343 3610; x_wconf 77' lang='lat' dir='ltr'>Iruuae</span> <span class='ocrx_word' id='word_1_154' title='bbox 1365 3542 1402 3610; x_wconf 87' lang='lat' dir='ltr'>ct</span> <span class='ocrx_word' id='word_1_155' title='bbox 1425 3535 1541 3625; x_wconf 83' lang='lat' dir='ltr'>Iovis,</span> <span class='ocrx_word' id='word_1_156' title='bbox 1711 3539 1761 3614; x_wconf 94' lang='lat' dir='ltr'>II.</span> 
     </span>
     <span class='ocr_line' id='line_1_25' title="bbox 345 3653 1540 3756; baseline 0.002 -28"><span class='ocrx_word' id='word_1_157' title='bbox 345 3653 619 3754; x_wconf 81' lang='lat' dir='ltr'>Pcedagogicam</span> <span class='ocrx_word' id='word_1_158' title='bbox 633 3665 799 3756; x_wconf 85' lang='lat' dir='ltr'>exponet,</span> <span class='ocrx_word' id='word_1_159' title='bbox 820 3655 944 3730; x_wconf 86' lang='lat' dir='ltr'>diebus</span> <span class='ocrx_word' id='word_1_160' title='bbox 957 3661 993 3728; x_wconf 92' lang='lat' dir='ltr'>et</span> <span class='ocrx_word' id='word_1_161' title='bbox 1005 3653 1098 3728; x_wconf 91' lang='lat' dir='ltr'>horis</span> <span class='ocrx_word' id='word_1_162' title='bbox 1112 3653 1328 3744; x_wconf 82' lang='lat' dir='ltr'>auditoribus</span> <span class='ocrx_word' id='word_1_163' title='bbox 1340 3655 1540 3731; x_wconf 90' lang='lat' dir='ltr'>commodis.</span> 
     </span>
    </p>

    <p class='ocr_par' dir='ltr' id='par_1_13' title="bbox 251 3772 1761 3983">
     <span class='ocr_line' id='line_1_26' title="bbox 251 3772 1540 3874; baseline 0.002 -28"><span class='ocrx_word' id='word_1_164' title='bbox 251 3773 291 3848; x_wconf 82' lang='grc' dir='ltr'>Ο.</span> <span class='ocrx_word' id='word_1_165' title='bbox 317 3773 361 3848; x_wconf 89' lang='lat' dir='ltr'>G.</span> <span class='ocrx_word' id='word_1_166' title='bbox 386 3773 509 3848; x_wconf 81' lang='lat' dir='ltr'>Coanr</span> <span class='ocrx_word' id='word_1_167' title='bbox 533 3775 822 3874; x_wconf 88' lang='lat' dir='ltr'>Interpretabitur</span> <span class='ocrx_word' id='word_1_168' title='bbox 842 3772 1373 3860; x_wconf 76' lang='lat' dir='ltr'>Hrsaonoruar,Taucrn1narr</span> <span class='ocrx_word' id='word_1_169' title='bbox 1401 3781 1437 3848; x_wconf 92' lang='lat' dir='ltr'>et</span> <span class='ocrx_word' id='word_1_170' title='bbox 1465 3773 1540 3848; x_wconf 88' lang='lat' dir='ltr'>Xa-</span> 
     </span>
     <span class='ocr_line' id='line_1_27' title="bbox 299 3891 1761 3983; baseline 0.003 -19"><span class='ocrx_word' id='word_1_171' title='bbox 299 3911 537 3980; x_wconf 81' lang='lat' dir='ltr'>rrorrsorrrmr,</span> <span class='ocrx_word' id='word_1_172' title='bbox 561 3892 685 3968; x_wconf 85' lang='lat' dir='ltr'>diebus</span> <span class='ocrx_word' id='word_1_173' title='bbox 708 3893 849 3983; x_wconf 88' lang='lat' dir='ltr'>Lunae,</span> <span class='ocrx_word' id='word_1_174' title='bbox 872 3891 998 3968; x_wconf 88' lang='lat' dir='ltr'>Martis</span> <span class='ocrx_word' id='word_1_175' title='bbox 1022 3899 1057 3965; x_wconf 90' lang='lat' dir='ltr'>et</span> <span class='ocrx_word' id='word_1_176' title='bbox 1080 3891 1269 3980; x_wconf 85' lang='lat' dir='ltr'>Mercurii,</span> <span class='ocrx_word' id='word_1_177' title='bbox 1314 3949 1540 3970; x_wconf 88' lang='lat'><strong>.......</strong></span> <span class='ocrx_word' id='word_1_178' title='bbox 1713 3893 1761 3969; x_wconf 92' lang='lat' dir='ltr'>X.</span> 
     </span>
    </p>

    <p class='ocr_par' dir='ltr' id='par_1_14' title="bbox 345 4009 1539 4110">
     <span class='ocr_line' id='line_1_28' title="bbox 345 4009 1539 4110; baseline 0.002 -24"><span class='ocrx_word' id='word_1_179' title='bbox 345 4010 584 4110; x_wconf 88' lang='lat' dir='ltr'>Antiquitates</span> <span class='ocrx_word' id='word_1_180' title='bbox 622 4013 798 4088; x_wconf 79' lang='lat' dir='ltr'>Romame</span> <span class='ocrx_word' id='word_1_181' title='bbox 837 4011 968 4102; x_wconf 83' lang='lat' dir='ltr'>tradet,</span> <span class='ocrx_word' id='word_1_182' title='bbox 1000 4010 1125 4086; x_wconf 90' lang='lat' dir='ltr'>diebus</span> <span class='ocrx_word' id='word_1_183' title='bbox 1158 4009 1300 4099; x_wconf 87' lang='lat' dir='ltr'>Lunae,</span> <span class='ocrx_word' id='word_1_184' title='bbox 1342 4011 1468 4088; x_wconf 88' lang='lat' dir='ltr'>Martis</span> <span class='ocrx_word' id='word_1_185' title='bbox 1504 4021 1539 4088; x_wconf 90' lang='lat' dir='ltr'>et</span> 
     </span>
    </p>

    <p class='ocr_par' dir='ltr' id='par_1_15' title="bbox 344 4131 1757 4350">
     <span class='ocr_line' id='line_1_29' title="bbox 388 4131 1757 4236; baseline 0.002 -31"><span class='ocrx_word' id='word_1_186' title='bbox 388 4131 571 4219; x_wconf 90' lang='lat' dir='ltr'>Mercurii,</span> <span class='ocrx_word' id='word_1_187' title='bbox 620 4185 1536 4211; x_wconf 83' lang='lat'><strong>..........................</strong></span> <span class='ocrx_word' id='word_1_188' title='bbox 1559 4229 1561 4236; x_wconf 18' lang='grc' dir='ltr'><strong><em>Α</em></strong></span> <span class='ocrx_word' id='word_1_189' title='bbox 1672 4134 1757 4209; x_wconf 91' lang='lat' dir='ltr'>Xll.</span> 
     </span>
     <span class='ocr_line' id='line_1_30' title="bbox 344 4247 1538 4350; baseline 0.002 -26"><span class='ocrx_word' id='word_1_190' title='bbox 344 4247 455 4324; x_wconf 82' lang='lat' dir='ltr'>loma</span> <span class='ocrx_word' id='word_1_191' title='bbox 482 4249 633 4324; x_wconf 85' lang='lat' dir='ltr'>Selectos</span> <span class='ocrx_word' id='word_1_192' title='bbox 655 4275 700 4325; x_wconf 87' lang='lat' dir='ltr'>ex</span> <span class='ocrx_word' id='word_1_193' title='bbox 726 4250 957 4350; x_wconf 87' lang='lat' dir='ltr'>Scriptoribus</span> <span class='ocrx_word' id='word_1_194' title='bbox 981 4249 1121 4326; x_wconf 87' lang='lat' dir='ltr'>Graecis</span> <span class='ocrx_word' id='word_1_195' title='bbox 1141 4257 1177 4324; x_wconf 90' lang='lat' dir='ltr'>at</span> <span class='ocrx_word' id='word_1_196' title='bbox 1197 4248 1353 4338; x_wconf 82' lang='lat' dir='ltr'>latinis,</span> <span class='ocrx_word' id='word_1_197' title='bbox 1388 4250 1538 4350; x_wconf 86' lang='lat' dir='ltr'>antiqui·</span> 
     </span>
    </p>

    <p class='ocr_par' dir='ltr' id='par_1_16' title="bbox 341 4367 1756 4829">
     <span class='ocr_line' id='line_1_31' title="bbox 389 4367 1756 4467; baseline 0.005 -25"><span class='ocrx_word' id='word_1_198' title='bbox 389 4375 498 4443; x_wconf 88' lang='lat' dir='ltr'>tatem</span> <span class='ocrx_word' id='word_1_199' title='bbox 528 4367 723 4444; x_wconf 87' lang='lat' dir='ltr'>Romanam</span> <span class='ocrx_word' id='word_1_200' title='bbox 746 4370 976 4458; x_wconf 87' lang='lat' dir='ltr'>illustrantes,</span> <span class='ocrx_word' id='word_1_201' title='bbox 1007 4367 1306 4467; x_wconf 88' lang='lat' dir='ltr'>interpretabitur,</span> <span class='ocrx_word' id='word_1_202' title='bbox 1338 4368 1395 4444; x_wconf 87' lang='lat' dir='ltr'>die</span> <span class='ocrx_word' id='word_1_203' title='bbox 1419 4371 1537 4460; x_wconf 87' lang='lat' dir='ltr'>Jovis,</span> <span class='ocrx_word' id='word_1_204' title='bbox 1668 4371 1756 4451; x_wconf 90' lang='lat' dir='ltr'><strong>XII.</strong></span> 
     </span>
     <span class='ocr_line' id='line_1_32' title="bbox 343 4487 1755 4590; baseline 0.001 -27"><span class='ocrx_word' id='word_1_205' title='bbox 343 4487 484 4564; x_wconf 88' lang='lat' dir='ltr'>Scholas</span> <span class='ocrx_word' id='word_1_206' title='bbox 507 4489 762 4590; x_wconf 79' lang='lat' dir='ltr'>Paadagogicas</span> <span class='ocrx_word' id='word_1_207' title='bbox 785 4489 948 4578; x_wconf 89' lang='lat' dir='ltr'>habebit,</span> <span class='ocrx_word' id='word_1_208' title='bbox 972 4487 1096 4564; x_wconf 90' lang='lat' dir='ltr'>diebus</span> <span class='ocrx_word' id='word_1_209' title='bbox 1120 4487 1245 4566; x_wconf 87' lang='lat' dir='ltr'>Mortis</span> <span class='ocrx_word' id='word_1_210' title='bbox 1269 4494 1304 4562; x_wconf 94' lang='lat' dir='ltr'>et</span> <span class='ocrx_word' id='word_1_211' title='bbox 1326 4487 1444 4578; x_wconf 73' lang='lat' dir='ltr'>Iovis,</span> <span class='ocrx_word' id='word_1_212' title='bbox 1489 4549 1533 4566; x_wconf 93' lang='lat'>..</span> <span class='ocrx_word' id='word_1_213' title='bbox 1578 4537 1582 4544; x_wconf 90' lang='lat'>-</span> <span class='ocrx_word' id='word_1_214' title='bbox 1704 4493 1755 4566; x_wconf 94' lang='lat' dir='ltr'>II.</span> 
     </span>
     <span class='ocr_line' id='line_1_33' title="bbox 343 4606 1756 4700; baseline 0.001 -18"><span class='ocrx_word' id='word_1_215' title='bbox 343 4607 525 4684; x_wconf 82' lang='lat' dir='ltr'>Elementa</span> <span class='ocrx_word' id='word_1_216' title='bbox 548 4610 645 4684; x_wconf 88' lang='lat' dir='ltr'>Artis</span> <span class='ocrx_word' id='word_1_217' title='bbox 668 4610 835 4685; x_wconf 89' lang='lat' dir='ltr'>Metricae</span> <span class='ocrx_word' id='word_1_218' title='bbox 859 4607 1017 4699; x_wconf 88' lang='lat' dir='ltr'>docebit,</span> <span class='ocrx_word' id='word_1_219' title='bbox 1051 4606 1174 4684; x_wconf 91' lang='lat' dir='ltr'>diebus</span> <span class='ocrx_word' id='word_1_220' title='bbox 1197 4607 1294 4682; x_wconf 82' lang='lat' dir='ltr'>Iovis</span> <span class='ocrx_word' id='word_1_221' title='bbox 1318 4615 1354 4682; x_wconf 91' lang='lat' dir='ltr'>et</span> <span class='ocrx_word' id='word_1_222' title='bbox 1376 4607 1538 4700; x_wconf 87' lang='lat' dir='ltr'>Veneris,</span> <span class='ocrx_word' id='word_1_223' title='bbox 1724 4609 1756 4684; x_wconf 94' lang='lat' dir='ltr'>I.</span> 
     </span>
     <span class='ocr_line' id='line_1_34' title="bbox 341 4725 1537 4829; baseline 0.002 -27"><span class='ocrx_word' id='word_1_224' title='bbox 341 4725 460 4802; x_wconf 84' lang='lat' dir='ltr'>Initia·</span> <span class='ocrx_word' id='word_1_225' title='bbox 485 4727 773 4829; x_wconf 78' lang='lat' dir='ltr'>Palaeogmphise</span> <span class='ocrx_word' id='word_1_226' title='bbox 820 4730 971 4804; x_wconf 86' lang='lat' dir='ltr'>Graecas</span> <span class='ocrx_word' id='word_1_227' title='bbox 1018 4726 1288 4829; x_wconf 86' lang='lat' dir='ltr'>provectioribus</span> <span class='ocrx_word' id='word_1_228' title='bbox 1330 4727 1537 4828; x_wconf 87' lang='lat' dir='ltr'>explicabit,</span> 
     </span>
    </p>
   </div>
   <div class='ocr_carea' id='block_1_3' title="bbox 388 4845 1914 4962">
    <p class='ocr_par' dir='ltr' id='par_1_17' title="bbox 388 4845 1914 4962">
     <span class='ocr_line' id='line_1_35' title="bbox 388 4845 1914 4962; baseline 0.003 -39"><span class='ocrx_word' id='word_1_229' title='bbox 388 4845 512 4923; x_wconf 88' lang='lat' dir='ltr'>diebus</span> <span class='ocrx_word' id='word_1_230' title='bbox 535 4846 681 4924; x_wconf 85' lang='lat' dir='ltr'>Veneris</span> <span class='ocrx_word' id='word_1_231' title='bbox 705 4855 741 4924; x_wconf 91' lang='lat' dir='ltr'>et</span> <span class='ocrx_word' id='word_1_232' title='bbox 764 4847 906 4926; x_wconf 87' lang='lat' dir='ltr'>Saturni</span> <span class='ocrx_word' id='word_1_233' title='bbox 914 4904 1536 4940; x_wconf 86' lang='lat'><strong>..................</strong></span> <span class='ocrx_word' id='word_1_234' title='bbox 1582 4847 1756 4928; x_wconf 87' lang='lat' dir='ltr'><strong>IX-XI.</strong></span> <span class='ocrx_word' id='word_1_235' title='bbox 1911 4953 1914 4962; x_wconf 88' lang='lat'><strong>.</strong></span> 
     </span>
    </p>
   </div>
   <div class='ocr_carea' id='block_1_4' title="bbox 1489 4966 1564 5045">
    <p class='ocr_par' dir='ltr' id='par_1_18' title="bbox 1489 4966 1564 5045">
     <span class='ocr_line' id='line_1_36' title="bbox 1489 4966 1564 5045; baseline 0.04 -3"><span class='ocrx_word' id='word_1_236' title='bbox 1489 4966 1564 5045; x_wconf 74' lang='lat'>10·</span> 
     </span>
    </p>
   </div>
   <div class='ocr_carea' id='block_1_5' title="bbox 0 0 2498 6200">
    <p class='ocr_par' dir='ltr' id='par_1_19' title="bbox 0 0 2498 6200">
     <span class='ocr_line' id='line_1_37' title="bbox 0 0 2498 6200; baseline 0 1"><span class='ocrx_word' id='word_1_237' title='bbox 0 0 2498 6200; x_wconf 95' lang='lat' dir='ltr'> </span> 
     </span>
    </p>
   </div>
  </div>
 </body>
</html>
