4986 6200
883 685 1161 752 orario.
1245 783 1246 786 Ὺ
1736 691 1777 786 ιι

263 905 337 972 tam
372 894 496 970 validis
532 891 668 968 auxiliis
698 917 769 972 non
803 894 937 993 adjuti,
976 918 1040 969 nec
1076 893 1191 968 tantis
1214 891 1432 968 adminiculis
1460 891 1617 980 subnixi,
1649 893 1774 968 minori

264 1040 381 1092 rarum
408 1011 623 1088 abundantia
663 1013 896 1112 diligentiores
925 1013 1069 1088 fortasse
1088 1019 1124 1086 et
1143 1013 1455 1113 circumspectiores
1475 1023 1594 1102 erant,
1618 1023 1772 1114 propter·

163 1129 168 1138 ’
264 1159 376 1234 eaque
398 1133 600 1210 meditando
617 1132 701 1221 diu,
724 1157 867 1230 remque
889 1133 1025 1232 saepius
1046 1139 1081 1206 et
1101 1131 1218 1206 crebre
1240 1136 1420 1222 vertendo,
1445 1135 1582 1235 longius
1599 1136 1775 1212 interdum

266 1253 392 1332 morari
412 1278 452 1328 ac
474 1253 613 1358 haerere
633 1252 845 1352 propiusque
863 1253 1010 1342 intueri,
1035 1261 1071 1328 et
1092 1251 1137 1327 ad
1154 1275 1311 1327 normam
1329 1254 1466 1356 assidue
1489 1256 1600 1356 magis
1620 1257 1776 1356 erigere,

266 1371 528 1450 consuetissimi

887 1538 1154 1554 m

317 1733 434 1811 Quam
452 1731 498 1805 ob
517 1753 609 1817 rem,
634 1729 698 1804 boc
718 1728 813 1806 idam
831 1729 992 1830 persequi
1009 1755 1079 1805 non
1098 1730 1221 1818 modo,
1246 1753 1372 1830 verum,
1382 1754 1522 1806 normae
1540 1735 1776 1830 systematicoe

267 1852 357 1925 bene
379 1856 416 1923 et
436 1848 576 1926 assidue
596 1847 813 1922 adhibendae
835 1871 976 1921 omnem
995 1871 1134 1946 operam
1154 1846 1235 1921 dara
1262 1847 1425 1922 studeant
1447 1848 1551 1948 bajus
1575 1850 1650 1924 aevi
1672 1851 1775 1928 docti.

265 1968 371 2046 Quod
399 1975 516 2042 tamen
550 1967 599 2040 ita
630 1966 778 2064 intelligi
800 1966 928 2055 nolim,
952 1967 1052 2064 quasi
1080 1966 1216 2041 unoula
1239 1973 1275 2040 et
1302 1965 1468 2042 liberioris
1492 1970 1608 2044 motis
1631 1971 1777 2070 impedi·

265 2095 383 2164 menta
424 2087 569 2173 vobem,
611 2086 739 2185 quibus
778 2085 996 2186 ingeniorum
1031 2109 1152 2160 cursus
1184 2085 1423 2162 retardaretur.
1481 2089 1528 2162 Et
1565 2090 1627 2187 qui
1662 2101 1779 2188 posset

263 2207 426 2306 quidem,
459 2206 499 2280 id
536 2203 663 2280 vincire
693 2205 778 2280 velle
809 2213 845 2280 et
871 2205 1051 2293 cohibere,
1074 2205 1169 2304 quod
1189 2204 1226 2279 in
1249 2205 1508 2305 disciplinarum
1532 2209 1647 2284 studio
1671 2209 1778 2286 libere

262 2327 405 2403 omnino
442 2334 477 2402 et
510 2351 768 2426 quaquaversus
798 2334 834 2402 et
865 2325 1040 2400 celerrime
1071 2349 1206 2398 movere
1235 2349 1272 2400 se
1293 2350 1394 2424 posse
1416 2327 1530 2402 tendit
1551 2329 1777 2428 adpetitque?

266 2446 337 2521 Sed
366 2447 421 2520 via
450 2471 491 2522 rc
517 2447 648 2522 ratione
680 2446 794 2546 magis
818 2447 881 2520 fiat
903 2445 1027 2534 velim,
1052 2444 1114 2519 sed
1130 2443 1226 2544 justo
1249 2446 1483 2522 moderamine
1506 2447 1561 2521 uti
1579 2449 1693 2547 magis
1716 2450 1777 2524 ad·

262 2566 444 2655 tendatur,
470 2565 532 2641 sed
554 2566 728 2642 facultatis
753 2565 848 2642 illius
869 2563 1068 2639 inventricis
1086 2589 1208 2638 cursus
1228 2589 1268 2640 ac
1289 2591 1491 2666 progressus
1511 2567 1612 2667 juata
1635 2570 1778 2644 rationis

262 2688 430 2786 principia
464 2713 505 2762 sc
536 2699 718 2788 praecepta
746 2689 790 2762 de
812 2686 983 2760 industrii
1005 2685 1117 2784 magis
1139 2693 1298 2784 regatur,
1322 2687 1467 2785 ipsaque
1491 2687 1632 2762 inventa
1652 2689 1778 2764 educta

264 2813 301 2880 et
324 2806 496 2905 patefacta
509 2815 580 2880 aut
604 2807 758 2882 conlecta
777 2814 813 2880 et
832 2805 1021 2894 elaborate,
1045 2805 1168 2878 eadem
1186 2805 1246 2879 illa
1267 2806 1406 2893 norme,
1430 2806 1476 2880 ad
1498 2807 1607 2881 instar
1629 2808 1780 2883 cudficis

268 2931 416 3000 staterae
448 2925 621 3016 adhibitsi,
659 2925 852 3001 accuratius
886 2923 1093 3022 cautiusque
1124 2925 1378 3012 examinentur,
1410 2926 1541 3024 fiatque
1567 2927 1646 3024 plus
1675 2953 1780 3026 quam

265 3043 375 3136 solet,
399 3044 530 3140 fiatque
558 3044 697 3117 assidue
726 3051 762 3116 et
786 3051 990 3117 constanter.
1041 3044 1099 3116 Ne
1121 3045 1227 3140 ipitcr
1250 3045 1349 3116 rimis
1371 3046 1476 3117 darer
1500 3047 1590 3144 depes
1614 3050 1782 3144 imponere

264 3165 406 3249 ridear,
441 3187 554 3236 cerum
585 3166 635 3238 ad
655 3165 709 3250 id,
734 3165 825 3262 quod
844 3164 999 3262 consequi
1017 3168 1185 3259 optamus,
1211 3163 1475 3260 adstruendam,
1489 3167 1651 3259 profecto
1671 3191 1782 3242 necer-

266 3285 392 3356 rocr'cs.
431 3281 572 3355 Etenim
593 3279 685 3355 inter
700 3281 759 3356 illa
778 3281 872 3381 ipsa,
892 3305 980 3381 quae
1002 3279 1404 3380 praecellentissimorum
1419 3279 1637 3378 ingeniorum
1653 3285 1782 3358 summi

268 3398 351 3486 vi'ri,
388 3423 477 3496 quos
504 3399 649 3498 quodvis
674 3400 740 3477 lert
765 3425 911 3490 aarum,
933 3400 1166 3500 praestiterint
1189 3405 1224 3474 et
1251 3397 1446 3488 effecerint,
1473 3400 1502 3474 si
1522 3401 1633 3476 multa
1654 3403 1780 3500 reperi·

267 3539 370 3606 mus,
404 3541 492 3615 quac
526 3543 589 3617 per
615 3519 824 3609 anfractum,
848 3521 1016 3595 tentando
1039 3519 1197 3622 saepius,
1224 3519 1358 3616 diuque
1377 3525 1413 3594 et
1436 3519 1540 3618 longe
1561 3520 1723 3595 obeundo
1745 3527 1781 3596 et

268 3635 484 3732 quaerendo,
520 3636 727 3712 invenerunt
759 3648 794 3713 et
827 3638 1067 3728 absolverunt,
1110 3663 1201 3738 quae
1235 3643 1354 3712 satem
1395 3637 1496 3713 citius
1534 3639 1780 3740 indagassent,

270 3753 466 3852 meliusque
501 3758 760 3832 constituissent
794 3765 830 3832 et
853 3741 969 3858 aptius
995 3758 1281 3846 conlormassent,
1307 3757 1338 3831 si
1361 3757 1399 3830 in
1421 3761 1541 3832 normd
1562 3761 1781 3857 systematicd

267 3873 406 3948 assidue
443 3873 640 3950 adhibendi
670 3901 809 3952 omnem
841 3903 959 3953 curam
993 3879 1236 3966 collocassent,
1272 3883 1404 3975 quanto
1431 3877 1543 3977 magis
1576 3879 1642 3954 boc
1664 3880 1781 3979 ipsum

269 3993 428 4067 universe
456 3992 510 4068 vel
540 3995 692 4070 maxima
716 3997 1030 4073 commendandum
1054 4005 1108 4073 est
1131 3999 1173 4072 iis
1193 3995 1376 4085 omnibus,
1402 4020 1489 4095 quos
1513 3997 1608 4072 omni
1629 4024 1695 4097 ope
1716 3999 1781 4074 niti

271 4111 387 4200 decet,
422 4117 464 4185 ut
497 4114 677 4190 mediocris
713 4115 845 4216 ingenii
874 4117 1096 4192 facultatibus
1125 4109 1297 4216 quantum
1329 4115 1404 4190 fieri
1435 4116 1544 4214 possit
1577 4117 1713 4193 valeant
1742 4143 1782 4194 ac

271 4231 479 4328 proficiant?
528 4233 696 4332 Insuper,
720 4261 801 4311 cum
824 4237 1101 4326 consideramus,
1126 4236 1384 4336 disciplinarum
1407 4235 1517 4309 varias
1539 4242 1655 4335 partes
1678 4262 1783 4336 quam

272 4347 341 4423 late
373 4357 515 4447 patent,
549 4352 600 4427 ita
631 4360 673 4427 ut
709 4355 862 4454 singulas
891 4357 987 4432 obire
1019 4381 1077 4431 eas
1102 4364 1137 4430 et
1162 4378 1342 4454 peragrare
1364 4377 1532 4452 perquam
1556 4355 1692 4430 difficile
1716 4356 1782 4444 sit,

272 4467 488 4566 temporique
520 4471 625 4546 etiam
654 4479 759 4571 atque
791 4476 895 4551 etiam
926 4485 1001 4552 esse
1035 4477 1263 4576 parcendum,
1300 4472 1456 4571 quaestio
1492 4472 1620 4562 oritur,
1654 4473 1782 4572 quibus

275 4583 417 4660 tandem
441 4587 650 4664 firmioribus
673 4590 837 4665 subsidiis
862 4601 896 4666 et
921 4593 1138 4668 adminiculis
1161 4592 1315 4691 adjuvari
1338 4597 1374 4666 et
1398 4590 1565 4665 suffulciri
1588 4592 1780 4690 possimus,

248 4713 317 4778 ‘ut
345 4705 471 4808 certius
500 4709 761 4806 progrediamur
792 4709 964 4810 citiusque
991 4711 1174 4786 remotiora
1203 4710 1443 4809 adtingamus,
1469 4711 1510 4784 ed
1535 4709 1677 4808 quidem
1702 4735 1782 4810 spe,

278 4831 320 4900 m
349 4824 387 4902 in
418 4827 540 4903 aetatis
571 4827 675 4928 flore,
711 4828 841 4905 viribus
864 4829 1093 4930 integerrimis
1116 4855 1196 4906 oum
1217 4831 1394 4930 vigemus,
1419 4835 1455 4906 et
1475 4828 1607 4928 ingenii
1627 4831 1785 4906 acumine

742 4952 744 4971 .
1542 4949 1595 5022 9.
