4986 6200
903 697 1183 766 oanr10.
1758 703 1799 769 ll

288 907 388 981 nobis
424 907 545 994 datus,
581 906 682 980 amici
715 906 790 994 sui,
824 931 885 1006 per
921 906 1060 1004 longam
1096 927 1265 980 annorum
1298 903 1421 978 seriem
1458 902 1658 996 certissimi,
1697 885 1807 984 obituv
1886 1005 1890 1012 .

289 1027 466 1114 luctuoso,
492 1049 669 1100 summum
693 1025 882 1124 perceperit
905 1025 1124 1131 dolorem1).

339 1145 501 1220 Utinam!
540 1145 635 1243 quod
668 1145 886 1220 vehementer
916 1151 1097 1242 optamus,
1136 1141 1232 1216 brevi
1267 1140 1476 1231 habeamus,
1516 1168 1585 1243 quo
1622 1147 1796 1246 erigamur

287 1264 592 1363 gaudeamusque,
627 1264 722 1362 quod
756 1264 847 1362 Regi
877 1263 1136 1362 Angustissimo
1168 1285 1211 1336 ex
1246 1262 1333 1335 votis
1367 1260 1603 1338 sincerissimis
1637 1245 1796 1355 cesserit,

288 1383 393 1456 talem
430 1381 593 1456 defuncto
620 1383 779 1457 Curatori
803 1407 1031 1456 successorem
1058 1381 1302 1482 dignissimum
1332 1405 1369 1454 se
1393 1379 1556 1479 elegisse,
1582 1383 1643 1479 qui
1661 1385 1796 1460 Acade·

180 1599 182 1602 Ι
287 1500 376 1574 miae
407 1499 570 1576 Leidensi
598 1501 874 1600 splendidissimo
906 1501 950 1575 sit
973 1507 1194 1590 ornamento,
1219 1499 1265 1574 ad
1289 1499 1364 1598 ejus
1389 1524 1444 1574 res
1467 1500 1636 1576 curandas
1659 1504 1795 1601 aptissi-

229 1675 233 1686 .
285 1645 364 1695 mus
392 1627 428 1695 et
457 1619 762 1720 diligentissimus,
785 1621 983 1720 Vobisque,
1007 1620 1082 1696 Viri
1100 1619 1335 1720 Amplissimi,
1371 1619 1589 1719 gratissimus
1616 1629 1652 1695 et
1675 1645 1792 1720 accep·

285 1739 451 1813 tissimus.

910 1911 1174 1926 -n--OE-

329 2097 384 2170 Ex
406 2096 538 2171 Ordine
556 2097 793 2172 Prolessorum
811 2096 1045 2171 desideramus
1064 2095 1180 2194 plnres
1202 2095 1303 2170 Viros
1323 2095 1558 2183 Clarissimus,
1583 2095 1792 2173 Academiae

283 2223 493 2292 ornamenta.
552 2217 690 2290 Horum
722 2224 791 2292 tres
820 2217 907 2290 rude
939 2223 1036 2290 erant
1070 2215 1199 2290 donati.
1249 2215 1350 2290 Unus
1382 2240 1461 2290 vero
1492 2240 1513 2288 e
1539 2239 1685 2290 numero
1709 2217 1792 2290 Pro·

281 2333 450 2408 fessorum
466 2335 666 2430 docentium
682 2336 751 2410 vite
771 2336 936 2423 decessit,
960 2334 1060 2433 cujus
1081 2335 1189 2434 igitur
1204 2335 1303 2410 obitu
1320 2334 1485 2434 majorem
1506 2335 1641 2409 cladem
1662 2337 1793 2434 accepit

281 2453 490 2542 Academia,
527 2479 596 2529 non
631 2455 736 2530 modo
760 2456 855 2554 quod
877 2456 953 2554 ipsa
979 2455 1095 2529 amisit
1116 2453 1377 2529 celeberrimum
1402 2453 1661 2554 disciplinarum
1686 2455 1795 2528 culto·

279 2596 372 2661 rem,
408 2598 528 2648 verum
561 2575 666 2650 etiam
698 2575 792 2673 quod
824 2575 984 2673 discipuli
1012 2573 1275 2673 diligentissimo
1306 2574 1492 2674 magistro,
1527 2573 1614 2648 duce
1645 2575 1795 2650 maxime

284 2693 500 2782 venerando,
526 2700 561 2768 et
584 2694 733 2794 impigro
757 2694 914 2794 adjutore
937 2692 1074 2768 orbatos
1099 2718 1136 2767 se
1161 2693 1325 2769 sentiunt.

329 2813 375 2884 Et
411 2837 580 2910 magnum
614 2837 697 2886 sane
725 2813 861 2886 luctum
896 2811 997 2884 nobis
1026 2811 1142 2884 attulit
1176 2810 1250 2882 dies
1274 2813 1463 2899 undecimus
1483 2811 1685 2884 Decembris
1710 2815 1794 2885 anni

278 2929 514 3027 praeterlapsi,
525 2953 595 3026 quo
606 2928 670 3001 Vir
679 2929 899 3002 Clarissimus
909 2927 1127 3023 maximeque
1141 2926 1367 3000 Venerandus
1377 2927 1400 2999 J
1402 2949 1543 3001 osanna
1557 2929 1792 3004 Fannnaroos

281 3068 355 3120 vnn
382 3047 535 3134 Ooanr,
572 3045 778 3145 Theologiae
806 3047 936 3120 Doctor
964 3051 999 3120 et
1031 3043 1207 3118 Professor
1225 3043 1452 3134 Ordinarius,
1486 3051 1596 3119 morte
1620 3046 1792 3122 occubuit.

282 3166 417 3240 Eodem
456 3164 534 3254 die,
581 3190 651 3264 quo
687 3165 836 3252 scilicet,
882 3170 962 3239 ante
996 3163 1059 3238 hos
1092 3163 1257 3240 tredecim
1294 3187 1422 3254 annos,
1463 3167 1632 3240 amomo
1665 3167 1795 3242 mensis

281 3284 483 3360 Decembris
521 3285 603 3359 anni
636 3287 755 3374 1839,
793 3310 837 3358 er
868 3285 934 3359 hoc
959 3283 1035 3383 ipso
1059 3291 1250 3383 suggestu,
1276 3283 1494 3364 ornatissima
1517 3309 1665 3384 veraque
1691 3287 1795 3362 verbe

279 3429 359 3479 eum
382 3405 554 3480 dicentem
575 3403 831 3493 audiveramus,
857 3403 985 3504 quibus
1010 3427 1140 3478 munus
1163 3404 1431 3504 professoriam,
1455 3404 1493 3478 in
1519 3405 1637 3478 nostre
1658 3405 1791 3481 Acade·

260 3524 371 3612 mid,
397 3524 581 3597 solenniter
604 3524 847 3622 auspicaretur.

327 3643 477 3742 Jamque
507 3642 634 3718 abhinc
667 3642 866 3731 biennium,
900 3641 1084 3743 cardialgid
1116 3667 1197 3718 oum
1227 3641 1364 3742 saepius
1396 3641 1637 3731 laboravisset,
1668 3643 1789 3718 morbo

279 3765 555 3862 ingravescente,
591 3762 767 3836 doloribus
800 3761 1111 3838 vehementioribus
1142 3760 1368 3852 cruciabatur.
1428 3762 1586 3837 Maximis
1615 3787 1716 3862 porro
1740 3765 1789 3838 al·

280 3881 395 3956 dictus
416 3881 627 3969 calamitate,
646 3881 772 3956 Uxoris
790 3882 940 3982 optimae
960 3881 1222 3981 oonssimeeque
1243 3879 1343 3956 obitu
1361 3881 1558 3982 inopinato,
1583 3889 1619 3956 et
1638 3883 1788 3981 corporis

279 3999 437 4076 dolorum
465 4001 517 4075 vis
547 3985 752 4101 justissimo'
768 4001 875 4078 animi
901 3991 1015 4080 dolore
1036 4001 1238 4102 augebatur.
1287 4003 1452 4076 Attamen
1474 4001 1575 4076 hosce
1599 4000 1731 4075 fortiter
1753 4009 1787 4073 et

279 4119 487 4218 aequissimo
517 4120 634 4194 animo
666 4121 904 4220 perferendos,
940 4123 1053 4221 adque
1085 4122 1363 4221 gravissimorum
1395 4121 1584 4197 officiorum
1613 4129 1788 4194 momenta

277 4239 447 4340 imprimis
481 4241 731 4316 attendendum
761 4267 854 4331 esse,
883 4241 1040 4342 religiose
1068 4241 1287 4333 existimans,
1314 4269 1334 4319 a
1359 4267 1501 4318 munere
1526 4241 1631 4342 digne
1653 4249 1689 4314 et
1710 4240 1786 4314 dili·

277 4367 400 4457 genter
420 4359 583 4435 obeundo
601 4385 671 4435 non
692 4361 864 4451 cessabat,
890 4362 1018 4452 donec,
1040 4386 1133 4444 anno
1147 4363 1384 4463 praecedenti,
1405 4369 1484 4462 post
1500 4361 1600 4436 ferias
1617 4359 1783 4444 aestivas,

279 4479 435 4554 dolorum
456 4479 671 4554 vehementia
692 4481 802 4556 victus
822 4489 857 4556 et
875 4481 1022 4571 bertus,
1047 4507 1084 4556 se
1107 4481 1277 4557 abstinere
1299 4481 1420 4581 majori
1439 4480 1546 4555 animi
1565 4479 1782 4553 contentione

276 4597 472 4697 cogebatur.
522 4601 569 4674 Et
602 4600 813 4698 valetudinis
841 4603 1091 4703 recuperandae
1125 4625 1204 4702 spes
1239 4601 1354 4700 aliqua
1387 4601 1453 4676 etsi
1486 4600 1586 4699 eique
1610 4598 1779 4695 nobisque

320 4858 347 4932 ¹)
367 4856 432 4917 Vid.
454 4859 650 4923 Arecomici·

1539 4965 1612 5038 arv
