4986 6200
895 693 1174 780 onsrro
1408 749 1416 762 ι
1749 715 1791 780 m

275 922 312 996 in
335 919 400 994 hdo
426 925 523 1020 parte
547 916 762 1007 difficillime,
789 939 859 992 non
882 917 986 992 modo
1009 916 1166 991 nondum
1189 941 1264 992 esse
1287 917 1476 1017 composita
1497 924 1559 994 aut
1580 918 1790 1016 adaequata,

276 1063 397 1117 verum
430 1038 535 1113 etiam
573 1037 684 1112 mults
715 1036 881 1135 ambigua
913 1037 1111 1135 insertaque
1143 1061 1338 1126 remanere,
1369 1037 1558 1136 pluraque,
1591 1037 1791 1138 dequibus

276 1159 501 1246 dissentitur,
534 1157 572 1231 in
605 1157 833 1232 controversit
871 1151 1017 1244 versari,
1052 1180 1141 1254 quse
1175 1156 1303 1229 iterum
1329 1157 1527 1255 iterumque
1553 1157 1590 1231 in
1618 1165 1791 1233 certarnen

277 1279 512 1354 adducuntur.
562 1276 633 1351 Sed
662 1276 761 1352 testis
789 1276 835 1350 sit
859 1274 1033 1363 Historia,
1064 1275 1150 1374 quid
1174 1282 1436 1374 quantumque,
1460 1275 1661 1374 hujusmodi
1682 1277 1791 1352 nobili
1856 1265 1860 1272 ’

149 1411 154 1418 ’
218 1437 222 1446 ·
275 1397 485 1488 certamine,
513 1397 601 1472 effici
633 1395 744 1496 possit
773 1401 879 1494 atque
908 1395 1070 1494 proferri,
1094 1395 1143 1484 ita
1165 1401 1206 1468 ut
1230 1393 1394 1492 permulti
1416 1394 1519 1482 inde,
1543 1396 1611 1470 nisi
1634 1397 1790 1496 plerique

280 1515 331 1589 illi
358 1511 557 1590 enodantur
578 1516 722 1592 humani
743 1515 874 1615 ingenii
896 1540 1097 1615 progressus
1120 1513 1345 1614 insigniores,
1369 1512 1406 1586 in
1429 1512 1688 1612 disciplinarum
1712 1515 1790 1591 verd

274 1634 391 1710 indole
426 1637 557 1710 ratione
596 1643 633 1710 et
669 1635 897 1735 amplitudine
936 1635 1121 1735 perfectius
1162 1633 1368 1734 pleniusque
1406 1632 1670 1730 cognoscendis,
1709 1639 1787 1732 qui,

275 1755 410 1856 quovis?
430 1779 535 1844 aero,
570 1763 653 1829 snnt
685 1756 819 1845 lentes,
854 1781 936 1855 prae
967 1755 1108 1854 reliquis
1140 1753 1337 1854 conspicui,
1361 1777 1381 1826 e
1408 1751 1536 1851 quibus
1558 1751 1677 1826 lumen
1703 1778 1788 1851 qua·

273 1895 462 1969 quaversus
495 1872 773 1972 splendidissime
804 1875 915 1972 vergit
948 1881 984 1947 et
1014 1872 1213 1972 longissime
1235 1871 1416 1949 emittitur.
1465 1871 1512 1944 Et
1539 1873 1697 1970 quamvis
1723 1873 1788 1948 hac

272 1990 395 2065 eddam
426 1991 463 2065 in
496 2016 534 2066 re
564 1993 660 2067 haud
694 1992 826 2090 absque
856 2015 967 2066 errore
988 1991 1253 2089 investigatum,
1278 1991 1426 2089 plusque
1450 1991 1557 2065 semel
1580 1991 1623 2065 de
1645 1993 1788 2066 rationis

274 2108 330 2182 vid
368 2108 624 2211 aliquantulum
659 2109 854 2208 digressum
881 2110 995 2208 deque
1025 2110 1147 2185 normis
1173 2110 1348 2184 deflexum
1378 2111 1442 2198 sit,
1468 2119 1605 2184 tantum
1634 2118 1787 2187 ettamen

272 2227 372 2301 abest
412 2235 451 2301 ut
486 2253 627 2304 causam
660 2227 761 2304 unice
796 2229 834 2302 in
857 2229 1013 2303 methodi
1037 2228 1273 2328 systematicse
1296 2228 1512 2304 adhibendae
1541 2230 1703 2328 neglectu
1726 2256 1786 2329 po·

273 2369 413 2434 nerem,
457 2353 498 2420 ut
531 2349 670 2446 potius,
715 2371 805 2446 quae
839 2349 929 2423 iacta
968 2355 1050 2422 sunt
1086 2355 1122 2422 et
1153 2348 1338 2447 praestita,
1378 2348 1501 2424 eadem
1533 2349 1788 2449 comprobanda

275 2464 486 2562 maximique
510 2466 613 2564 pretii
636 2466 848 2568 aestimanda
871 2491 947 2542 esse
969 2467 1175 2542 contendere
1199 2465 1371 2543 deberem.

322 2583 387 2657 Est
421 2590 539 2659 autem
577 2584 674 2659 aliud
706 2585 816 2684 qnid,
850 2585 897 2660 ad
929 2584 1097 2683 principia
1128 2585 1183 2658 vel
1216 2584 1262 2659 ed
1294 2583 1418 2660 horum
1446 2610 1550 2661 usum
1583 2586 1787 2685 respiciens,

271 2703 368 2798 quod
402 2703 672 2801 improbandum
703 2706 772 2779 nisi
806 2703 1073 2802 vituperandum
1103 2727 1246 2791 censeo,
1271 2711 1392 2802 utpote
1418 2729 1558 2802 prorsus
1581 2730 1624 2778 ex
1646 2729 1787 2779 normae

272 2822 511 2918 systematicae
535 2823 697 2921 neglectu
719 2823 887 2922 originem
910 2823 1061 2898 trahens.
1110 2823 1216 2896 Plura
1238 2821 1423 2910 nimirum,
1449 2846 1555 2919 quam
1577 2823 1786 2920 oportuerit,

272 2939 460 3039 principia,
507 2941 544 3014 in
582 2937 851 3040 'dsciplinarum
891 2941 1212 3016 mathematicorum
1256 2942 1409 3040 partium
1456 2941 1719 3040 pertractatione
1752 2949 1787 3014 et

270 3058 503 3156 expositione,
537 3083 784 3157 saepenumero
821 3059 982 3133 adsumta
1018 3083 1093 3133 esse
1125 3060 1325 3158 reperimus.
1377 3060 1651 3156 Consequentiss
1679 3061 1788 3160 igitur

225 3237 228 3240 .
272 3177 364 3249 inter
389 3176 557 3275 principia
582 3177 729 3275 positas,
760 3185 822 3254 aut
847 3178 924 3252 illas
954 3178 1037 3252 satis
1063 3186 1163 3252 acute
1185 3179 1229 3253 ab
1252 3179 1306 3253 his
1330 3203 1399 3254 non
1423 3205 1498 3254 esse
1523 3179 1718 3278 sejunctas,
1737 3225 1786 3241 -
1866 3200 1872 3205 ·

275 3294 503 3370 fundamenta
532 3295 626 3372 dicta
655 3321 731 3372 essa
761 3305 797 3372 et
827 3297 1002 3385 adhibite,
1034 3321 1122 3396 quae
1144 3298 1219 3397 ipsa
1239 3297 1466 3374 fundamento
1489 3299 1715 3399 indigebant,
1738 3345 1788 3364 --

278 3413 614 3513 principiorumque,
654 3415 684 3490 si
718 3417 819 3516 plura
851 3423 983 3503 essent,
1019 3421 1143 3514 aptum
1174 3413 1330 3490 ordinem
1363 3440 1433 3489 non
1466 3415 1687 3491 observatum
1723 3442 1787 3492 nec

276 3541 455 3606 servatum
485 3557 576 3622 esse,
610 3534 717 3609 immo
749 3558 1012 3632 nonnumquam
1042 3533 1304 3622 conturbatum,
1327 3578 1376 3596 -
1398 3534 1442 3608 de
1464 3534 1702 3610 fundamentis
1726 3537 1785 3610 de-

239 3742 248 3762 ,
274 3651 382 3749 nique
413 3651 526 3726 verbis
550 3651 711 3728 dilucidis
739 3679 809 3729 non
839 3654 993 3728 locutum
1022 3677 1136 3750 neque
1163 3675 1363 3750 expressum
1386 3677 1460 3727 esse
1486 3660 1548 3728 aut
1580 3654 1784 3744 definitum,

275 3769 370 3870 quod
400 3769 545 3844 indicari
580 3780 779 3870 oportuerat
806 3781 842 3848 et
874 3772 1064 3847 necessario
1098 3771 1283 3846 enunciari.
1333 3772 1390 3846 Ne
1415 3757 1494 3870 quis
1526 3781 1645 3848 autem
1674 3774 1785 3863 dieat,

278 3889 334 3963 vix
358 3889 524 3988 suspicari
545 3914 646 3988 posse
666 3892 714 3966 de·
730 3892 937 3967 doctissimis
957 3890 1266 3988 eruditissimisque
1290 3890 1390 3979 viris,
1415 3892 1509 3990 quod
1530 3893 1566 3967 in
1590 3893 1786 3970 istiusmodi

275 4009 358 4083 vitia
385 4008 652 4099 incucurrerint,
676 4035 758 4085 cum
778 4012 862 4087 haec
887 4012 937 4086 ita
963 4035 999 4084 se
1019 4008 1145 4084 habere
1169 4009 1366 4098 videantur,
1392 4035 1480 4109 quae
1502 4011 1601 4086 facile
1622 4014 1784 4090 vitentur.

272 4128 413 4203 Etenim
447 4128 513 4202 etsi
545 4129 612 4204 alia
645 4138 851 4228 appareant,
884 4131 951 4205 alia
978 4137 1052 4204 tam
1083 4128 1218 4204 occulta
1249 4152 1319 4202 non
1351 4130 1439 4217 sint,
1473 4143 1590 4204 tamen
1615 4139 1650 4205 et
1673 4134 1785 4207 multa

271 4249 338 4324 alie
365 4255 468 4336 sunt,
495 4273 584 4348 quae
612 4275 676 4325 nos
696 4251 897 4340 offendunt,
922 4249 1115 4348 dequibus
1140 4272 1228 4336 non,
1253 4247 1321 4322 nisi
1343 4247 1552 4348 diligentiori
1571 4250 1783 4348 inspectione
1877 4260 1879 4264 '

272 4375 309 4440 et
329 4369 621 4457 consideratione,
637 4370 813 4469 judicatur
832 4377 992 4469 recteque
1008 4369 1221 4444 discernitur.
1271 4370 1437 4467 Insuper,
1461 4393 1550 4467 quae
1568 4368 1782 4467 irrepserint,
1904 4473 1905 4478 Ἰ

272 4494 334 4558 sut
365 4487 494 4584 quibus
528 4489 665 4589 lapsum
702 4498 771 4578 est,
809 4515 970 4590 magnam
1002 4490 1159 4588 quamvis
1196 4497 1329 4588 partem
1366 4488 1465 4563 facile
1493 4487 1642 4585 ¹quidem
1683 4488 1782 4562 vitari

272 4605 465 4701 potuissent
495 4615 556 4682 aut
586 4609 733 4709 corrigi,
769 4615 805 4685 st
837 4609 1008 4684 difficilius
1031 4608 1163 4707 absque
1188 4608 1247 4682 illa
1271 4607 1646 4706 normiasystematiod,
1670 4607 1783 4682 idest

271 4723 404 4822 absque
434 4733 526 4799 certo
562 4726 620 4801 illo
653 4729 772 4804 ordine
798 4729 985 4827 modoque,
1017 4753 1122 4827 quem
1148 4727 1325 4826 sequimur
1348 4727 1392 4815 si,
1423 4727 1460 4799 in
1480 4727 1721 4824 pertractando
1747 4737 1782 4802 et

271 4843 527 4942 investigando,
574 4845 650 4945 ejus
684 4873 876 4949 numquam
907 4849 1125 4923 immemores
1162 4848 1287 4934 simus,
1327 4854 1367 4922 ut
1404 4847 1449 4922 ed
1483 4846 1658 4944 cogitandi
1689 4849 1815 4948 leges·

1537 4965 1591 5038 8*
1647 4959 1650 4970 ’
