4874 6182
715 657 777 721 116
1274 652 1308 720 F.
1341 651 1376 719 C.
1411 647 1663 718 DONDERS

768 859 826 935 Sic
856 857 944 934 nulli
981 857 1086 932 armti
1115 855 1224 956 parcit
1260 863 1336 932 atra
1366 879 1468 932 mors.
1529 857 1652 936 Quum
1684 853 1766 930 viris
1794 862 1830 930 et
1858 853 1999 931 senibus
2027 855 2123 930 vitae
2152 856 2232 932 linis

719 977 874 1077 quotidie
891 977 962 1052 lere
979 974 1024 1050 ob
1043 974 1159 1050 oculos
1178 981 1353 1066 versetur,
1377 999 1454 1051 raro
1472 974 1563 1051 ultra
1581 975 1671 1050 vitae
1690 973 1860 1050 terrestris
1876 997 1973 1075 spem
1995 973 2235 1050 adolescentes

718 1122 758 1172 ac
788 1097 932 1196 J'uvenes
963 1093 1155 1195 prospicere
1190 1092 1311 1171 solent.
1371 1095 1422 1168 Ut
1455 1093 1526 1170 vita
1558 1101 1670 1170 vestra
1696 1093 1742 1168 sit
1769 1093 1914 1170 honesta
1937 1100 1973 1169 et
1998 1093 2098 1194 justo
2124 1093 2234 1193 pretio

718 1240 739 1289 a
764 1213 861 1288 vobis
886 1213 1108 1300 aestimetur,
1140 1211 1311 1288 Juvenesl
1336 1213 1495 1312 respicite
1523 1215 1640 1290 finem.
1689 1213 1826 1303 Amici,
1850 1237 1939 1314 quos
1960 1213 2123 1302 luxistis,
2150 1235 2232 1311 quo·

717 1356 865 1431 rumque
899 1331 1060 1406 leretram
1092 1329 1265 1420 subiistis,
1300 1331 1389 1407 vitae
1417 1331 1524 1407 finem
1554 1331 1682 1408 instare
1710 1331 1887 1408 interdum
1911 1339 2098 1421 moneant,
2123 1339 2161 1404 et
2186 1331 2233 1406 sic

719 1451 892 1540 defuncti,
918 1475 1066 1550 quorum
1084 1445 1286 1526 memoriam¹
1304 1449 1434 1540 colitis,
1459 1450 1593 1527 lavante
1615 1451 1708 1540 Deo,
1732 1450 1838 1527 etiam
1860 1449 2056 1527 viventibus
2079 1450 2228 1550 prosint!

608 1848 614 1865 ·
767 1810 865 1884 Inter
896 1814 1012 1907 grata,
1045 1831 1134 1906 quas
1162 1804 1265 1882 hodie
1292 1808 1380 1884 mihi
1403 1809 1630 1910 contingumt,
1655 1808 1808 1910 primum
1831 1807 1946 1884 locum
1968 1807 2059 1884 illud
2079 1811 2224 1900 obtinet,

720 1937 761 2004 ut
780 1925 986 2027 Juvenibus‚
1010 1926 1073 2024 qui
1094 1925 1132 1999 in
1154 1925 1340 2000 rerumne
1361 1925 1525 2001 litterario
1549 1925 1701 2026 palmam
1723 1925 1897 2015 tulerunt,
1921 1949 1966 2000 ex
1989 1926 2101 2026 Regis
2120 1929 2224 2003 muni·

719 2045 858 2120 licentia
899 2052 935 2118 et
978 2067 1116 2118 summu
1157 2042 1379 2132 auctofitate,
1422 2043 1559 2119 virtutis
1597 2043 1739 2118 offeram
1780 2047 1886 2142 atque
1922 2043 2098 2122 docmiuae
2135 2071 2225 2146 prae·

721 2164 802 2240 mia.
858 2163 941 2238 Non
971 2161 1117 2262 singulis
1151 2159 1367 2259 singulorum
1397 2159 1559 2235 ordinum
1587 2157 1847 2259 quaestionibus
1873 2161 2052 2260 respoudit
2081 2163 2226 2240 studiosa

716 2283 891 2380 juventus.
942 2280 1013 2356 Sed
1041 2305 1082 2355 eo
1116 2278 1226 2378 major
1256 2278 1325 2354 luit
1353 2278 1536 2355 contentio.
1587 2279 1719 2355 Omnes
1750 2277 1878 2378 igitur,
1911 2280 1974 2378 qui
2007 2281 2052 2357 de
2090 2283 2221 2358 uonna

718 2403 979 2490 concertarunt,
1012 2399 1092 2474 licet
1126 2405 1265 2472 strenue
1297 2397 1386 2474 vires
1419 2398 1648 2489 intenderint,
1684 2398 1836 2498 palmam
1868 2399 2014 2476 aemulis
2040 2402 2221 2502 praeripere

717 2543 788 2594 non
812 2526 1010 2620 potuerunt.
1061 2517 1140 2592 Hoc
1167 2524 1285 2593 autem
1304 2517 1475 2618 judicium
1496 2518 1646 2595 Ordines
1675 2517 1764 2593 lerre
1788 2540 1858 2593 non
1881 2517 2100 2608 dubitarunt,
2125 2529 2220 2596 tanta

720 2663 795 2714 esse
821 2639 945 2716 merita
968 2640 1073 2714 etiam
1100 2638 1258 2726 illorum,
1283 2637 1345 2735 qui
1367 2637 1553 2714 victoribus
1575 2637 1696 2714 cedere
1723 2635 1936 2726 debuerunt,
1958 2645 2014 2738 ut,
2034 2638 2064 2712 si
2083 2638 2144 2712 soli
2163 2661 2223 2736 per

719 2783 756 2834 se
781 2765 1039 2859 spectarentm,
1064 2781 1190 2832 aureus
1214 2755 1300 2856 ipsis
1317 2781 1388 2833 non
1409 2755 1636 2858 denegandus
1658 2755 1783 2831 fuisset
1803 2778 1983 2833 nummus.

769 2877 876 2956 Quod
907 2886 949 2952 ut
979 2875 1072 2976 Regi
1105 2875 1365 2975 angustissimo
1394 2878 1596 2954 nuntiatum
1627 2883 1700 2966 est,
1729 2897 1794 2950 sua
1825 2873 2029 2952 liberalitate
2064 2857 2223 2950 secundos

720 3021 859 3096 quoque
889 2995 1042 3096 praemio
1069 3018 1189 3069 ornare
1214 2995 1354 3086 statuit,
1378 3003 1419 3071 ut
1440 3004 1521 3072 ante
1542 3019 1671 3096 paucas
1693 2993 1794 3070 horas
1820 2993 1907 3068 mibi
1931 2993 2131 3070 nunciatum
2156 3002 2223 3081 est,

720 3124 756 3218 et
780 3122 866 3212 quot
890 3136 1012 3188 aureos
1035 3119 1088 3184 tot
1111 3118 1291 3210 argenteos
1315 3113 1510 3212 adsignavit
1532 3137 1705 3190 nummos.

771 3229 997 3329 Singulorum
1021 3228 1184 3304 ordinum
1207 3230 1251 3305 de
1272 3231 1411 3330 perlatis
1432 3233 1478 3308 ad
1501 3233 1595 3331 ipsos
1617 3231 1965 3310 commentationibus
1984 3233 2108 3334 judicia
2129 3255 2218 3331 prae·

721 3354 856 3451 legam,
892 3372 1021 3449 vosque
1052 3373 1158 3450 rogo,
1188 3349 1333 3449 juvenes
1366 3348 1669 3451 praestantissimi,
1694 3349 2004 3450 quibus.praemia
2029 3357 2108 3426 sunt
2131 3348 2220 3447 adju·

725 3471 853 3559 dicata,
878 3477 920 3546 ut
943 3469 1085 3546 recitato
1107 3469 1248 3546 nomine
1271 3475 1406 3560 verbo,
1431 3468 1560 3570 singtili
1585 3469 1631 3547 ad
1651 3469 1741 3546 hauc
1764 3469 1964 3548 cathedram
1986 3469 2163 3548 accedatis.

672 3747 676 3756 ·
776 3705 1011 3804 l’tecloporum
1035 3707 1163 3781 ordiale
1176 3708 1354 3806 judicium.

774 3821 1028 3923 Theologorum
1065 3823 1162 3900 Ordo
1192 3825 1458 3905 Academiarum
1490 3838 1598 3930 atque
1628 3830 1887 3910 Athenaeorum
1907 3829 2042 3908 civibus
2066 3831 2149 3907 hano
2169 3853 2223 3928 po·

716 3951 844 4018 suerat
867 3943 1123 4041 quaestionem:
2108 3967 2111 3973 ·

830 4061 1039 4152 uPotiores,
1085 4063 1204 4164 quibua
1244 4066 1424 4164 Epistulae
1455 4071 1654 4146 orationem,
1676 4071 1828 4146 motat
1865 4067 2037 4158 Jaoobus,
2077 4071 2228 4166 inopinos

874 4184 1200 4282 comparationesque
1216 4189 1436 4286 prommctice
1459 4189 1666 4286 replicentur
1684 4197 1790 4290 atque
1812 4189 1995 4265 acrttetice
2003 4186 2226 4286 jactentur?

775 4299 834 4374 Ad
868 4323 974 4399 quam
1004 4299 1242 4400 explicandam
1275 4305 1511 4403 quaestionem
1543 4313 1613 4382 tres
1641 4305 1764 4384 allatae
1797 4313 1880 4382 sunt
1910 4306 2229 4392 commentationes,

729 4441 877 4518 quarum
914 4417 1011 4496 nulla
1040 4443 1110 4494 non
1141 4420 1276 4521 aliqud,
1312 4423 1470 4524 quamvis
1502 4425 1654 4516 diversd,
1688 4425 1791 4504 laude
1816 4425 1923 4526 digua
1952 4449 2028 4501 esse
2054 4427 2229 4501 videretur.

730 4539 954 4638 Quamquam
971 4537 1008 4613 in
1031 4541 1235 4638 postremis,
1259 4566 1348 4642 quae
1369 4543 1571 4644 attingenda
1591 4551 1704 4634 erant,
1728 4543 1887 4646 Apostoli
1907 4543 2010 4622 dictis
2033 4541 2230 4627 tractandis,

730 4657 910 4734 deliciante
945 4657 1087 4736 forsitan
1122 4667 1300 4760 tempore,
1338 4661 1558 4741 festinantius
1592 4687 1713 4742 omnes
1745 4671 1897 4744 versutae
1934 4688 2011 4744 esse
2047 4663 2230 4766 depreben-

726 4773 904 4852 debentur.
