4874 6182
722 669 763 735 98
1105 653 1111 675 ²
1284 667 1316 734 F.
1351 665 1384 734 C.
1419 665 1671 732 DONDERS

727 871 913 972 primordia
945 871 1148 970 chymismi,
1181 872 1332 970 partium
1358 874 1619 948 elementarium
1642 872 1877 971 phaenomena
1909 869 2127 968 explicaturi,
2153 879 2236 944 nata

729 1000 821 1068 sunt.
871 993 1024 1090 Magnus
1048 991 1116 1066 suit
1136 992 1326 1068 multorum
1346 994 1446 1068 ardor
1466 995 1501 1066 in
1531 993 1595 1066 boc
1617 1016 1700 1090 agro
1724 989 1950 1077 elaborando,
1971 991 2031 1087 qni
2054 998 2132 1064 ante
2152 990 2238 1064 haee

724 1114 789 1186 tria
823 1113 930 1186 lustra
968 1111 1091 1186 sterilis
1127 1113 1287 1198 omnine,
1325 1136 1417 1186 nunc
1452 1113 1593 1186 caeteris
1626 1109 1858 1208 physiologiae
1885 1108 2041 1206 partibus
2075 1135 2138 1206 par
2177 1110 2235 1182 ha·

726 1231 862 1304 bandus
895 1238 967 1318 est,
993 1256 1106 1329 neque
1131 1257 1238 1306 novos
1258 1232 1391 1305 fructus
1414 1231 1587 1306 uberiores
1611 1230 1769 1328 diligenti
1790 1229 2025 1328 investigatori
2053 1227 2235 1326 promittit.

726 1351 819 1424 Hinc
857 1349 971 1424 denuo
1001 1351 1280 1450 physiologorum
1301 1359 1434 1426 mentes
1455 1359 1636 1425 vertuntur
1659 1351 1696 1424 in
1719 1349 1902 1448 physicen,
1936 1373 2025 1445 quae
2048 1345 2237 1444 majoribus

724 1471 760 1542 in
797 1471 871 1544 dies
911 1469 1150 1567 progressibus
1183 1471 1365 1568 conspicua
1404 1479 1439 1543 et
1475 1494 1562 1544 nova
1599 1468 1728 1542 theoria
1762 1467 1886 1540 virium
1926 1465 2236 1540 transformationis

724 1589 824 1686 quasi
860 1589 1031 1676 animata,
1071 1589 1303 1688 physiologiae
1338 1598 1471 1687 partes,
1509 1615 1598 1687 quae
1634 1613 1714 1662 cum
1746 1587 1864 1660 fructu
1891 1585 2058 1660 elaborari
2079 1586 2234 1684 possint,

724 1708 895 1806 patefecit.
947 1709 989 1780 In
1022 1708 1167 1782 introitu
1196 1710 1328 1807 periodi
1360 1709 1542 1808 physicae,
1575 1709 1610 1781 in
1643 1733 1712 1806 que
1741 1705 1959 1804 physiologia
1986 1705 2050 1778 hoc
2086 1713 2236 1803 tempore

725 1828 850 1901 versari
871 1827 1001 1924 coepit,
1023 1828 1157 1902 scholae
1175 1828 1332 1927 inprimis
1344 1827 1575 1902 Berolinensis
1598 1826 1730 1902 alumni
1746 1825 1960 1898 nominasua
1979 1823 2234 1920 inscripserunt.

776 1946 833 2018 Sic
854 1947 1047 2032 anatomia,
1073 1945 1275 2044 histologia,
1301 1945 1535 2043 experimenta
1556 1945 1593 2018 in
1619 1944 1759 2018 animali
1787 1943 1861 2016 vivo
1885 1943 2065 2030 institute,
2091 1941 2235 2028 chemin,

726 2065 866 2166 physice
904 2073 939 2138 et
973 2065 1002 2138 si
1033 2089 1121 2162 quae
1154 2066 1239 2138 aliae
1277 2073 1359 2138 sunt
1393 2065 1612 2164 disciplinae,
1647 2063 1692 2138 ad
1718 2063 1952 2162 physiologiae
1978 2062 2237 2160 explicationem

727 2210 829 2258 suum
869 2210 1026 2282 quaeque
1061 2184 1300 2270 contulerunt,
1339 2209 1379 2257 eo
1411 2185 1558 2272 effectu,
1598 2193 1637 2256 ut
1669 2182 1824 2258 omnium
1863 2181 2106 2268 consensione,
2147 2181 2238 2255 haud

728 2305 913 2402 indignum
940 2304 1052 2376 locum
1078 2304 1167 2376 inter
1190 2303 1387 2401 disciplinas
1411 2305 1569 2402 physicas
1590 2303 1662 2402 jam
1687 2311 1840 2399 occupet.

773 2422 960 2518 Anatomia
979 2422 1195 2520 pothologica
1215 2423 1372 2521 inprimis
1388 2431 1505 2497 nostre
1522 2433 1615 2498 aetas
1637 2421 1802 2520 superbit.
1838 2421 2029 2518 Postquam
2048 2420 2237 2494 anatomiae

725 2545 785 2616 lux
814 2542 945 2640 fulgere
982 2541 1113 2639 coepit,
1148 2541 1303 2615 medicus
1328 2567 1469 2616 cansam
1496 2543 1617 2616 mortis
1640 2542 1815 2615 insecutae
1841 2563 2046 2638 cognoscere
2076 2539 2239 2636 cupiens,

720 2661 868 2736 'cadaver
888 2661 1093 2758 exploravit,
1123 2669 1159 2734 et
1181 2660 1293 2757 prima
1317 2661 1400 2736 haec
1428 2661 1527 2736 initia
1556 2661 1747 2736 anatomiae
1766 2658 2001 2758 pothologicae
2020 2657 2238 2754 supplemen-

725 2793 802 2856 tum
825 2781 1067 2856 tantummodo
1090 2780 1231 2854 luerunt
1254 2805 1353 2854 casus
1376 2781 1489 2854 morbi
1510 2781 1691 2856 observati.
1741 2781 1866 2880 Neque
1892 2779 1990 2854 aliter
2014 2775 2085 2850 fieri
2108 2775 2238 2873 potuit.

726 2901 816 2980 Quis
839 2901 952 2987 enim,
977 2900 1044 2972 uisi
1065 2899 1226 2972 interiore
1250 2900 1444 2997 cognitione
1465 2901 1657 2976 anatomiae
1681 2899 1917 2999 pothologicae
1937 2899 2010 2996 jam
2041 2895 2236 2993 praeditus,

726 3019 915 3118 perspicere
950 3026 1082 3115 posset,
1118 3043 1223 3116 quam
1255 3020 1355 3093 firma
1381 3019 1462 3092 inde
1488 3021 1615 3094 auxilia
1638 3021 1682 3094 ad
1705 3019 1948 3118 pathogeniam
1977 3022 2094 3090 essent
2114 3015 2238 3090 redun-

728 3142 860 3214 datura.
911 3139 1083 3233 Magnum
1110 3137 1185 3232 jam
1214 3136 1282 3208 luit
1314 3138 1457 3212 cadaver
1487 3139 1679 3236 explorare,
1705 3163 1775 3236 quo
1800 3137 1912 3212 morbi
1936 3137 2035 3212 sedes
2059 3143 2096 3210 et
2121 3161 2240 3210 causae

728 3259 882 3330 internae
916 3261 1082 3354 paterent.
1147 3255 1271 3352 Neque
1309 3265 1362 3329 est
1396 3257 1491 3355 quod
1522 3258 1710 3345 miremur,
1738 3257 1919 3356 praecipue
1945 3282 2000 3330 res
2025 3255 2179 3330 curiosas
2207 3265 2241 3327 et

730 3377 891 3450 obscuras
910 3374 1099 3473 priscorum
1119 3374 1331 3448 medicorum
1351 3376 1483 3450 animos
1503 3377 1548 3452 ad
1565 3401 1600 3450 se
1624 3377 1774 3452 vertisse.
1819 3375 1909 3452 Vera
1929 3377 2022 3452 enim
2044 3375 2240 3474 discipline,

730 3496 841 3594 qualis
868 3493 994 3568 nostris
1026 3493 1149 3570 diebus
1176 3495 1348 3570 anatomia
1371 3497 1587 3596 pothologica
1611 3497 1780 3584 habetur,
1805 3505 1885 3570 ante
1909 3496 2101 3570 uberiorem
2126 3520 2240 3569 rerum

730 3615 996 3712 experientiam,
1029 3614 1172 3688 evadere
1205 3614 1264 3688 illa
1292 3638 1361 3688 non
1388 3616 1511 3712 potuit.
1563 3615 1674 3690 Testis
1698 3615 1744 3688 sit
1763 3616 2011 3714 Morgagnius,
2042 3615 2092 3688 vir
2113 3615 2182 3687 rari
2203 3615 2238 3686 in

730 3733 942 3807 observando
966 3733 1154 3819 acuminis,
1180 3733 1241 3830 qui
1264 3734 1424 3830 epistolas
1447 3734 1582 3832 scripsit
1604 3735 1647 3807 de
1668 3737 1856 3809 rediberet
1886 3739 1997 3809 causis
2020 3733 2216 3812 morborum
2227 3767 2237 3820 3

732 3877 844 3950 neque
885 3850 951 3924 alio
987 3877 1090 3926 sensu
1124 3853 1353 3950 Franco-galli
1391 3854 1434 3928 ab
1473 3855 1572 3928 initio
1607 3854 1688 3928 inde
1727 3853 1833 3952 hujus
1869 3855 1995 3928 saeculi
2031 3853 2238 3928 anatomiam

732 3969 985 4069 pothologicam
1009 3971 1198 4044 coluerunt.

782 4092 913 4164 Nostra
947 4089 1087 4162 demum
1130 4098 1248 4176 aetas,
1286 4089 1482 4166 morborum
1524 4093 1708 4168 essentiam
1742 4117 1893 4190 negans,
1927 4092 1991 4165 rite
2026 4089 2238 4189 perspexisse

732 4211 893 4295 videtin,
919 4233 1008 4305 quae
1040 4208 1075 4282 in
1099 4207 1260 4282 cadavere
1281 4217 1415 4305 praeter
1443 4235 1599 4284 normam
1622 4212 1860 4310 reperiuntur,
1886 4235 2106 4308 nequaquam
2128 4207 2238 4282 morbi

734 4333 870 4428 effectur
894 4353 988 4415 esse,
1022 4327 1083 4400 sed
1120 4328 1229 4426 ipsius
1259 4329 1463 4404 conditionis
1492 4331 1669 4408 morbosae
1691 4331 1878 4428 imaginem
1896 4331 2087 4404 ostendere.
2138 4331 2238 4406 Quae

705 4475 814 4526 ·eum
847 4471 916 4522 non
949 4471 1024 4522 raro
1058 4446 1094 4520 in
1130 4448 1251 4522 eodem
1284 4473 1423 4546 corpore
1457 4449 1522 4522 sub
1556 4449 1697 4524 diversis
1737 4449 1840 4522 simul
1873 4449 2013 4537 formis,
2052 4473 2143 4548 quae
2176 4445 2238 4520 sibi

736 4567 915 4643 succedere
951 4565 1084 4654 solent,
1120 4577 1302 4664 appareat,
1339 4566 1438 4654 hinc,
1471 4569 1643 4672 quomodo
1665 4593 1705 4642 ea
1728 4578 1909 4657 nascatur,
1934 4575 2082 4658 creseat,
2108 4567 2238 4642 occidat

736 4697 796 4763 aut
827 4692 1025 4772 evanescat,
1060 4669 1196 4784 egregie
1227 4685 1427 4762 illustratur.
1477 4688 1582 4762 Porro
1604 4687 1767 4785 inquisita
1793 4713 1862 4762 non
1884 4697 2022 4763 tantum
2052 4711 2094 4762 ea
2124 4695 2237 4787 parte,

735 4831 822 4904 quae
850 4802 1008 4880 morbosa
1039 4803 1252 4892 habebatur,
1287 4805 1348 4880 sed
1382 4805 1527 4905 singulis
1558 4807 1708 4882 universi
1738 4808 1886 4906 eorporis
1912 4806 2050 4906 organis
2081 4813 2238 4882 accurate
