4986 6200
747 626 790 692 aa
1049 709 1051 716 Ι
1325 623 1363 690 c.
1398 625 1429 691 J.
1462 624 1683 693 vnanau

745 831 991 933 repudiarunt,
1021 836 1083 906 aut
1113 828 1253 904 omnino
1274 831 1520 930 neglexerunt,
1544 856 1625 906 cum
1649 837 1766 905 tamen
1790 853 1909 904 omnes
1936 853 1998 929 per
2020 828 2265 905 inductionem

749 962 914 1051 atqueex
937 950 1094 1048 analogii
1115 948 1312 1048 saepissime
1334 948 1531 1048 judicemus
1552 974 1629 1042 nont
1642 950 1762 1039 modo,
1781 956 1824 1024 at
1843 949 1959 1046 potius
1980 973 2062 1024 cum
2083 949 2265 1023 neminem

748 1071 890 1170 quidem
909 1070 1050 1145 doctum
1069 1070 1175 1144 latere
1199 1069 1328 1166 possit,
1353 1077 1484 1166 quanta
1507 1069 1552 1143 sit
1570 1093 1689 1144 earum
1713 1050 1751 1143 iri
1775 1093 1853 1144 vero
1877 1067 2077 1168 indagando
2100 1069 2263 1144 utilitas?

746 1192 802 1264 Ne
832 1190 897 1264 hoc
924 1189 1066 1288 quidem
1090 1188 1280 1278 contendo,
1309 1211 1373 1261 nec
1396 1211 1552 1286 unquam
1573 1187 1779 1263 contendere
1800 1202 1959 1287 possem,
1989 1191 2033 1265 A.
2058 1189 2103 1263 A.
2128 1187 2180 1264 H.
2208 1188 2263 1260 H!

748 1310 818 1383 Sed
850 1333 955 1384 usum
989 1309 1248 1408 systematicum
1273 1332 1413 1406 prorsus
1435 1308 1686 1408 propemodum
1708 1309 1905 1407 neglectum
1935 1332 2010 1382 esse
2035 1307 2264 1406 reprehendo.

745 1429 886 1504 Etenim
922 1453 992 1502 non
1019 1427 1194 1502 interdum
1224 1429 1290 1502 hoc
1317 1427 1549 1527 investigandi
1574 1427 1702 1502 auxillo
1722 1435 1776 1501 est
1799 1428 1994 1516 utendum,
2018 1453 2083 1504 nec
2111 1428 2266 1528 passim,

745 1571 809 1621 nec
846 1547 919 1621 ullo
951 1544 1133 1646 praecepto
1164 1554 1333 1647 cogente,
1367 1545 1430 1621 ubi
1466 1554 1588 1646 sponte
1624 1545 1782 1634 offertur,
1819 1547 1882 1621 sed
1914 1548 2009 1621 baud
2050 1547 2266 1646 interrupta,

746 1666 807 1740 sed
840 1665 979 1740 assidue
1015 1666 1061 1742 ad
1094 1667 1182 1740 illud
1214 1667 1434 1742 attendamus
1468 1673 1620 1766 oportet,
1656 1675 1824 1765 tauquam
1849 1667 1896 1740 ad
1929 1666 2132 1765 disciplinae
2168 1691 2266 1765 prae-

747 1784 893 1884 scriptae
928 1794 1063 1886 partem
1093 1789 1337 1876 necessariam,
1370 1813 1477 1886 qnam
1504 1787 1703 1874 observare,
1728 1785 1815 1883 legis
1838 1785 1949 1859 instar
1969 1785 2098 1883 cuique
2121 1785 2268 1860 obedire

746 1904 924 1980 debemus.
975 1907 1067 1981 uum
1090 1931 1187 1996 vero,
1210 1931 1273 2006 per
1289 1907 1460 2006 ejusmodi
1482 1905 1638 1981 methodi
1657 1929 1762 1980 usum
1784 1903 1879 1978 haud
1900 1912 2077 1979 mutatum
2098 1913 2134 1979 et
2153 1906 2265 1980 conti-

747 2034 915 2114 nuatum,
934 2025 1028 2101 illam
1046 2027 1206 2115 demum,
1227 2027 1265 2101 in
1280 2027 1539 2124 disciplinarum
1558 2023 1734 2124 partibus,
1749 2023 1891 2097 rationis
1908 2024 2266 2122 conformationisque

745 2145 916 2220 unitatem
943 2171 1126 2244 agnoscere
1158 2147 1371 2244 poterimus,
1407 2170 1513 2244 quam
1544 2145 1680 2244 saepius
1704 2144 1777 2244 jam
1801 2142 1960 2230 laudavi,
1985 2153 2020 2218 et
2045 2146 2115 2242 qud
2143 2145 2266 2246 omnis

745 2271 863 2337 nostra
898 2264 1049 2362 cognitio
1090 2263 1232 2362 propius
1272 2263 1496 2362 proximeque
1536 2262 1581 2337 ad
1625 2287 1752 2358 veram
1779 2262 1960 2338 scientiam
2002 2263 2268 2364 adpropinquat

745 2382 955 2481 acceditque.
1006 2383 1135 2481 quue,
1169 2382 1264 2481 quod
1290 2383 1336 2458 ad
1366 2408 1428 2472 ea,
1462 2407 1551 2481 quae
1574 2407 1636 2482 per
1661 2383 1855 2482 analogiam
1881 2383 2017 2483 prodire
2055 2389 2091 2456 ct
2113 2384 2274 2478 inveniri

745 2510 909 2600 possunt,
945 2502 1040 2577 baud
1072 2502 1209 2578 difficile
1244 2501 1332 2578 soret
1363 2502 1529 2602 exemplis
1559 2501 1723 2602 probare,
1755 2501 2101 2578 ecelcberrimorum
2127 2505 2268 2594 matha·

741 2621 947 2696 maticorum
975 2621 1299 2721 investigationibus
1331 2621 1620 2721 praeclarissimis.
1668 2621 1718 2696 Iis
1745 2621 1897 2720 profecto
1929 2622 2122 2698 luculenter
2152 2649 2263 2722 appa-

746 2747 851 2828 reret,
892 2740 1115 2839 quamplures
1138 2741 1353 2840 ¹disciplinae
1389 2741 1651 2819 mathematicae
1684 2747 1819 2840 partes,
1856 2742 1998 2840 exiguus
2036 2743 2192 2840 primum
2234 2749 2270 2814 et

746 2860 872 2949 exiles,
907 2884 1008 2948 mox,
1044 2886 1087 2935 ex
1114 2861 1209 2958 justd
1245 2857 1481 2936 similitudinis
1510 2871 1546 2936 et
1567 2863 1742 2938 affinitatis
1762 2862 2055 2950 consideratione,
2081 2862 2271 2962 insigniter

745 3000 820 3050 esse
849 2983 998 3049 accretas
1027 2982 1063 3047 et
1094 2975 1339 3072 amplificatas,
1373 2976 1558 3075 subitoque
1582 2978 1653 3051 fers
1677 2986 1713 3050 et
1733 3002 1879 3068 pumero
1902 2987 1937 3050 et
1962 2981 2124 3067 materie,
2151 2981 2270 3055 ambi-

746 3085 856 3191 tuq'ue
878 3101 913 3166 et
936 3077 1167 3178 absolutioris,
1192 3092 1343 3166 reclusas
1364 3117 1438 3166 esse
1458 3101 1493 3166 et
1512 3093 1677 3167 latissime
1698 3093 1907 3190 patefactas,
1934 3094 2026 3166 unde
2051 3097 2272 3172 universales

744 3213 823 3286 illae
855 3209 1111 3308 contemplandi
1137 3209 1287 3285 rationes
1310 3210 1478 3310 originem
1503 3211 1695 3298 duxerunt,
1720 3212 1871 3286 maxima
1898 3211 2027 3310 quibus
2057 3211 2272 3310 disciplinae

745 3330 840 3428 ipsae
874 3352 994 3427 cepere
1026 3351 1114 3402 nova
1149 3329 1379 3420 incrementa,
1414 3339 1450 3406 at
1485 3327 1580 3430 quee'
1608 3330 1777 3406 celerioris
1804 3332 1920 3404 motds
1941 3330 2272 3428 progressionisque

655 3509 658 3518 .
745 3472 867 3524 causae
892 3447 1097 3523 exstiterunt
1120 3448 1380 3540 celeberrimae,
1405 3475 1486 3548 prae
1510 3450 1672 3525 omnibus
1695 3451 1771 3526 aliis
1795 3449 1966 3548 imprimis
1992 3448 2178 3540 notandae.

799 3926 995 4013 Sufficiant,
1032 3903 1120 4023 quae
1149 3926 1364 4014 dictasunt,
1390 3932 1431 4000 ut
1453 3950 1656 4026 persuasum
1678 3927 1889 4016 habeamus,
1915 3929 2006 4003 viam
2029 3953 2152 4028 vagam
2179 3937 2257 4004 tan-

749 4047 829 4120 dem
857 4069 932 4119 esse
963 4044 1244 4143 relinquendam,
1277 4047 1482 4144 unicamque
1503 4069 1616 4119 veram
1638 4053 1673 4119 et
1699 4054 1847 4134 certam,
1873 4049 2092 4145 systematicd
2116 4073 2259 4146 prorsus

747 4165 900 4252 ratione,
931 4164 1193 4264 ingrediendam
1225 4189 1299 4240 esse
1331 4173 1366 4239 et
1398 4163 1620 4263 sequendam.
1671 4164 1741 4240 Sed
1770 4165 1888 4264 quaeri
1915 4175 2027 4264 potest
2057 4167 2101 4241 de
2126 4168 2261 4253 camis,

747 4311 809 4360 cur
844 4284 1170 4360 Mathematicorum
1200 4283 1387 4358 celebrium
1416 4284 1581 4382 permulti
1604 4285 1692 4359 hanc
1715 4309 1830 4360 veram
1854 4293 1889 4359 et
1915 4287 2093 4384 antiquam
2120 4293 2259 4359 natura·

748 4407 886 4504 lemque
908 4404 1077 4479 rationem
1098 4429 1261 4504 magnam
1278 4411 1412 4502 partem
1431 4403 1629 4491 omiserint,
1653 4411 1714 4478 ant
1737 4404 1893 4503 ejusdem
1914 4413 2096 4503 praecepta
2120 4404 2258 4479 assidue

748 4525 926 4600 observare
963 4525 1080 4600 minus
1113 4525 1289 4600 curarint?
1349 4523 1489 4599 Etenim
1530 4524 1712 4598 nonnullas
1750 4525 1815 4598 etsi
1846 4525 1919 4621 jam
1965 4548 2068 4621 supra
2107 4522 2258 4598 indicavi

748 4642 979 4742 negligentiae
1014 4667 1155 4730 causas,
1189 4651 1305 4718 tamen
1339 4643 1383 4717 da
1420 4642 1495 4716 aliis
1530 4641 1740 4741 quibusdam
1774 4643 1988 4719 monendum
2024 4650 2150 4746 restat,
2190 4665 2259 4715 una

750 4767 868 4836 autem
891 4763 980 4838 inter
1004 4787 1090 4861 quas
1113 4762 1296 4863 praecipua
1318 4760 1405 4837 mihi
1431 4761 1573 4838 videtur.
