4874 6182
719 717 785 784 102
1274 714 1313 788 F.¹
1342 713 1374 779 G.
1410 709 1664 780 honours

764 924 830 997 Ab.
862 921 1062 1022 hujusmodi
1099 921 1348 1019 praesidiorum
1384 927 1590 1020 augmento,
1628 940 1717 1014 quae
1753 911 1908 1010 specifica
1938 909 2008 982 fere
2037 907 2226 992 habentm,

718 1042 907 1118 medicinae
939 1041 1086 1115 salutem
1119 1041 1274 1139 proximo
1299 1065 1382 1114 aevo
1409 1065 1483 1114 csse
1510 1033 1776 1136 expectandam,
1802 1052 1960 1102 summus
1984 1027 2075 1099 inter
2095 1025 2228 1122 Anglos

716 1162 912 1236 observator
948 1161 1189 1258 Sydenhamus
1221 1161 1404 1258 perspexit.
1457 1161 1542 1257 Spes
1571 1162 1688 1230 autem
1722 1149 1851 1224 fefellit.
1901 1145 2116 1222 Paucissima
2147 1153 2227 1216 sunt

718 1305 904 1378 corumque
942 1304 1108 1353 numerus
1140 1281 1197 1354 vix
1233 1287 1389 1377 augetur.
1439 1275 1660 1376 Experientia
1679 1271 1773 1346 enim
1793 1267 1962 1354 difficilis,
1988 1291 2057 1364 qua
2081 1265 2153 1340 sola
2176 1266 2226 1338 in·

717 1400 911 1476 veniuntur.
962 1399 1079 1472 Hodie
1110 1399 1212 1486 haec,
1243 1424 1317 1472 cras
1347 1398 1405 1472 illa
1433 1395 1638 1482 laudantur,
1664 1391 1725 1465 sed
1749 1388 1845 1462 brevi
1868 1385 2031 1460 oblivioni
2051 1393 2132 1458 sunt
2151 1385 2227 1458 red·

717 1520 799 1594 dita.
849 1521 958 1594 Deest
991 1520 1135 1617 probata
1172 1519 1278 1606 fides,
1312 1527 1373 1592 aut
1405 1517 1530 1590 desunt
1560 1513 1721 1588 definitae
1750 1507 1984 1592 conditiones,
2010 1505 2076 1579 sub
2101 1504 2228 1602 quibus

714 1639 876 1736 prodesse
921 1639 1065 1712 valeant.
1127 1640 1253 1737 Neque
1293 1645 1346 1711 est
1381 1635 1476 1735 quod
1514 1635 1687 1708 miremur.
1748 1627 1921 1699 Videntur
1961 1625 2053 1698 enim
2091 1623 2227 1722 practici

715 1757 855 1830 theoriis
884 1757 1063 1854 indulgere
1099 1758 1210 1855 iisque
1242 1781 1385 1855 praxeos
1407 1756 1543 1853 regulas
1565 1757 1798 1850 superstruere
1821 1744 2025 1842 plerumque
2047 1743 2228 1828 maluisse,

716 1900 838 1972 quarn,
865 1876 960 1973 quod
983 1875 1153 1949 difficilius
1177 1884 1257 1964 est,
1276 1885 1377 1951 cauta
1398 1874 1634 1948 observatione
1656 1870 1800 1942 virtutes
1822 1864 2053 1938 remediorum
2077 1861 2227 1960 experiri.

716 1996 871 2068 Doeente
906 1995 1067 2068 Brownio
1105 2002 1162 2086 (ne
1195 1996 1245 2069 rei
1274 1995 1453 2068 historiam
1489 1992 1592 2066 altius
1631 1991 1800 2087 repetam)
1837 1983 2009 2056 asthonias
2037 1982 2230 2054 habuerunt

716 2113 897 2210 plerosque
929 2114 1070 2187 morbos
1102 2123 1137 2187 et
1164 2121 1299 2212 praeter
1331 2113 1492 2188 corticem
1520 2109 1748 2210 paruvianum
1770 2105 1868 2200 larga
1888 2125 1996 2174 manu
2016 2099 2231 2174 administra·

718 2242 800 2305 runt
823 2233 1048 2319 valerianam,
1075 2259 1252 2321 muscum,
1277 2241 1487 2320 castoreum,
1513 2230 1689 2313 aetherea,
1715 2221 1900 2334 alcobolica
1919 2229 1954 2294 et
1974 2219 2081 2317 hujus
2101 2219 2233 2317 generis

717 2352 886 2426 irritantia
916 2353 991 2426 alia.
1042 2353 1184 2426 Reactio
1222 2361 1339 2427 secuta
1372 2361 1424 2426 est
1458 2375 1567 2448 eaque
1603 2342 1912 2421 vehementissima,
1973 2327 2093 2438 Hujus
2119 2346 2233 2412 auctor

716 2471 944 2545 Broussavius
967 2472 1157 2569 quemlibet
1177 2471 1212 2544 in
1234 2473 1397 2546 cadavera
1420 2495 1555 2568 semper
1573 2469 1642 2541 lere
1665 2465 1721 2538 hic
1744 2461 1876 2535 illicia
1900 2459 2073 2532 intestinis
2092 2458 2230 2530 obvium

629 2603 630 2607 ’
717 2588 877 2662 ruborem
910 2613 972 2685 pro
1008 2589 1196 2662 irritatione
1230 2596 1290 2662 aut
1324 2587 1594 2663 inflammatione
1626 2581 1769 2668 habuit,
1808 2587 1843 2653 et
1874 2577 2066 2676 quamlibet
2100 2577 2234 2650 inflam-

716 2706 905 2779 mationem
923 2706 1101 2805 sanguinis
1123 2706 1332 2780 detractione
1355 2705 1594 2779 debellandam
1616 2699 1798 2799 praecepit.
1849 2699 1972 2795 Ipsum
1999 2721 2060 2769 sua
2078 2695 2234 2769 doctrina

717 2825 762 2898 ad
799 2825 965 2923 majorem
1008 2825 1187 2924 sanguinis
1229 2825 1431 2899 effusionem
1470 2847 1590 2899 ansam
1635 2819 1771 2892 dedisse
1815 2841 1919 2914 quanr
1955 2815 2081 2913 praelia
2113 2821 2238 2887 cuncta

718 2945 761 3020 ab
791 2947 1003 3044 Imperatore
1034 2947 1134 3044 cujus
1165 2953 1290 3044 agmen
1322 2943 1530 3042 sequebatur
1559 2939 1759 3038 Napoleone
1789 2943 1908 3034 gesta,
1938 2933 2145 3007 contendere
2170 2957 2238 3006 non

719 3065 852 3138 dubito.

697 3271 700 3278 ,
768 3184 824 3255 Ita
859 3182 1049 3255 medicinae
1086 3183 1263 3272 historiam
1297 3180 1515 3260 consulentes
1546 3203 1608 3276 pro
1633 3177 1732 3250 variis
1754 3173 1895 3248 theoriis
1916 3173 2009 3247 varia
2033 3171 2115 3247 artis
2138 3195 2236 3268 prae·

721 3299 808 3372 sidia
837 3299 1070 3397 principatum
1104 3307 1219 3372 tenere
1248 3297 1443 3382 cernimus,
1477 3295 1600 3368 eadem
1627 3302 1765 3392 recepta
1798 3317 1918 3366 rursus
1942 3293 2038 3391 rejici
2068 3299 2101 3364 et
2122 3290 2236 3363 denuo

723 3417 900 3493 communi
931 3419 1111 3516 praeconio
1131 3417 1327 3516 panchresti
1351 3417 1459 3490 instar
1478 3413 1619 3490 laudari.
1671 3413 1805 3488 Genius
1835 3411 2046 3511 epidemicus
2073 3418 2238 3508 tanquam

722 3535 907 3635 praedictis
947 3535 1087 3610 theoriis
1128 3536 1246 3608 lavens
1284 3541 1483 3622 accusatur,
1524 3533 1587 3632 qui
1619 3540 1736 3606 tamen
1774 3533 1831 3606 vix
1863 3531 2056 3632 culpandus
2085 3529 2240 3614 ridetur,

724 3655 791 3728 nisi
816 3655 910 3750 ipsas
938 3655 1150 3728 medicorum
1175 3664 1308 3728 mentes
1333 3655 1397 3728 hoc
1416 3654 1518 3752 genio
1541 3653 1640 3751 quasi
1663 3661 1858 3728 occaecatos
1884 3659 2088 3726 statuamus.

775 3775 1025 3868 Paroxysmum
1054 3773 1126 3870 jam
1160 3775 1286 3872 excipit
1309 3774 1474 3846 remissio.
1525 3764 1896 3846 Eclecticorum'saoile
1917 3771 2097 3869 princeps,
2129 3765 2239 3840 Hul-

727 3891 871 3977 landus,
905 3900 1131 3987 systematum
1155 3892 1227 3990 jam
1253 3892 1335 3966 satis
1358 3891 1549 3976 interiisse,
1575 3899 1614 3962 ut
1635 3891 1670 3964 in
1691 3899 1869 3988 posterum
1894 3889 2083 3963 medicinae
2104 3888 2195 3962 salas
2221 3909 2241 3957 a

729 4010 824 4082 nullo
845 4017 1028 4106 systemate
1047 4013 1276 4108 exspectanda
1300 4012 1360 4097 sit,
1380 4009 1585 4082 enunciaiit.
1636 4009 1742 4083 Hunc
1761 4017 1955 4107 sequuntur
1976 4015 2093 4082 nostra
2110 4011 2241 4088 aetate,

613 4111 617 4124 ,
730 4154 817 4226 quae
849 4129 1085 4202 eclecticorum
1120 4133 1237 4227 generi
1265 4131 1374 4216 lavet,
1405 4130 1607 4226 complures.
1660 4130 1839 4226 Systema,
1871 4128 2028 4201 universa
2053 4125 2241 4199 medicinae

730 4247 957 4322 fundamenta
980 4249 1197 4345 amplexum,
1223 4249 1502 4346 perhorrescunt;
1529 4249 1563 4320 in
1585 4247 1724 4320 theoriis
1749 4255 1864 4322 autem
1890 4255 1972 4320 aunt
1993 4246 2133 4330 faciles,
2158 4243 2261 4340 quin·

730 4366 816 4439 adeo
837 4366 952 4439 faciles
982 4367 1127 4464 (excipio
1151 4369 1211 4466 qui
1231 4365 1422 4463 excipiendi
1444 4375 1561 4456 sunt),
1589 4375 1628 4438 ut
1648 4367 1692 4440 ad
1714 4366 1870 4464 quamvis
1897 4365 2128 4438 conditionem
2153 4386 2240 4436 mor·

730 4483 850 4574 bosam
863 4495 872 4570 ,
907 4485 1010 4557 modo
1044 4485 1089 4558 ad
1124 4511 1199 4560 eam
1235 4467 1470 4583 explicandam
1503 4485 1631 4582 requiri
1660 4485 1838 4572 rideatur,
1873 4485 2046 4583 propriam
2077 4483 2242 4557 rationem

732 4603 940 4690 adhibeant,
975 4629 1096 4700 parum
1128 4612 1309 4691 cursatea,
1339 4611 1456 4678 utrum
1481 4604 1565 4678 haec
1589 4605 1729 4692 ceteris,
1755 4604 1883 4700 quibus
1908 4611 2073 4690 utuntur,
2100 4601 2241 4700 dogma·

732 4719 826 4794 tibus
850 4723 1055 4820 respondeat
1079 4749 1197 4799 necne.

782 4841 878 4912 Inter
902 4849 1052 4942 ceteros,
1086 4843 1129 4916 ab
1166 4843 1257 4919 hisce
1287 4845 1453 4920 eclecticia
1483 4847 1582 4943 longe
1611 4845 1939 4930 diversos,*omnem
1961 4841 2125 4916 nimirum
2149 4837 2243 4910 theo·
