4986 6200
828 709 1146 779 onxrro.
1725 711 1766 776 or

254 926 460 1021 argumenta
481 919 685 1018 aperiamus.
722 920 859 996 Deinde
878 921 924 996 ad
940 919 1148 1019 paucitatem
1165 923 1201 992 et
1220 915 1470 992 absolutionem
1486 915 1762 992 constituendam

253 1042 425 1140 imprimis
453 1039 683 1114 attendamus.
733 1041 780 1114 Et
802 1041 839 1114 in
868 1040 961 1114 hisee
986 1037 1149 1112 omnibus
1171 1059 1298 1135 magna
1322 1041 1357 1108 et
1379 1035 1524 1136 insignis
1547 1043 1600 1110 est
1620 1034 1761 1110 rationis
1886 1031 1888 1040 '

254 1160 491 1256 systematicae
515 1158 566 1232 vis
591 1164 626 1232 et
650 1159 807 1234 efficacia.

301 1279 467 1352 Attamen
496 1301 566 1350 non
600 1276 819 1375 negandum,
852 1259 1054 1375 hoc'ipsum
1073 1297 1241 1373 perquam
1262 1273 1400 1348 difficile
1420 1300 1495 1350 esse
1520 1300 1639 1376 posse,
1664 1301 1761 1375 prae-

192 1443 194 1448 ,
253 1397 372 1471 sertim
394 1397 424 1470 si
446 1396 562 1495 agitur
580 1397 624 1470 de
644 1397 857 1495 argumentis
879 1401 1231 1495 argumentorumque
1250 1392 1426 1492 partibus,
1451 1419 1560 1492 paene
1576 1395 1762 1482 inchoatis,

253 1525 314 1590 aut
340 1515 461 1590 leviter
481 1516 723 1591 tantummodo
744 1515 910 1591 contactis
934 1521 969 1588 et
993 1511 1228 1617 pertractatis,
1250 1536 1359 1612 ecque
1382 1512 1493 1612 magis
1517 1513 1561 1587 de
1580 1514 1677 1587 novis
1702 1522 1764 1588 aut

252 1635 410 1711 nondum
444 1636 693 1734 contemplatis.
743 1634 852 1710 Haud
882 1659 959 1710 raro
989 1659 1140 1733 namque
1162 1656 1277 1707 rerum
1302 1640 1404 1706 notae
1426 1631 1553 1718 latent;
1578 1639 1614 1704 et
1636 1632 1764 1706 formas

253 1781 295 1828 ex
332 1753 521 1829 indiuiduis
554 1761 589 1827 et
627 1754 764 1828 ordines
797 1761 832 1829 et
859 1779 1028 1854 generas
1054 1753 1174 1828 lormis
1197 1776 1421 1850 componere,
1445 1759 1507 1825 aut
1527 1750 1677 1825 vicissim
1701 1749 1764 1834 has

253 1899 296 1946 ex
315 1873 383 1946 illis
401 1896 605 1971 cognoscere
624 1880 793 1971 acuteque
813 1873 1042 1972 distinguere,
1060 1915 1111 1932 ·-
1128 1872 1210 1959 alia,
1232 1890 1320 1969 quae
1335 1871 1481 1960 desunt,
1497 1870 1703 1969 adjungere,
1716 1911 1765 1926 -

251 1991 478 2089 nondumque
498 1999 633 2091 reperta
653 1992 824 2080 invenire,
847 2035 895 2050 -
919 1999 981 2068 aut
1000 1991 1154 2066 ordinem
1180 2015 1377 2090 perversum
1398 1997 1433 2064 et
1452 1990 1632 2065 turbatum
1654 1989 1782 2068 anim.

254 2111 432 2184 advertere
466 2111 652 2210 aptiusque
686 2112 899 2210 disponendo
929 2112 1115 2210 corrigere,
1141 2154 1194 2173 -
1225 2117 1426 2209 caeteraque
1460 2109 1679 2208 hujusmodi,
1713 2133 1765 2182 ar·

252 2229 363 2304 duum
399 2253 646 2328 saepenumero
681 2239 753 2319 est,
786 2255 850 2307 nec
875 2232 1007 2329 absque
1034 2230 1145 2305 multo
1172 2227 1287 2304 labore
1311 2237 1347 2304 et
1375 2239 1529 2330 tempore
1551 2235 1766 2313 oomsumto,

252 2347 606 2448 meditationibusque
634 2350 768 2434 novatis
801 2375 841 2426 ac
871 2350 1025 2438 iteratis,
1057 2356 1217 2424 autnon
1250 2349 1323 2424 sine
1359 2349 1552 2450 conjunctis
1576 2348 1767 2422 multorum

245 2467 512 2555 conaminibus,
548 2468 694 2542 adaucta
731 2469 867 2544 interim
903 2493 1018 2544 rerum
1047 2467 1257 2567 cognitione,
1289 2469 1431 2544 tandem
1460 2468 1647 2542 obtinetur.
1698 2467 1768 2540 Sed

252 2586 341 2659 hanc
373 2586 519 2660 eandem
557 2611 620 2662 nec
652 2587 755 2662 aliam
790 2599 865 2663 esse
898 2589 1008 2676 viam,
1032 2587 1070 2660 in
1095 2587 1217 2686 quivis
1245 2587 1426 2688 disciplinis
1450 2586 1667 2662 emendandi
1689 2611 1765 2685 per·

252 2704 400 2778 ficiendb
429 2713 464 2779 11
497 2707 757 2805 amplificandi,
788 2709 867 2806 quis
899 2708 1057 2805 ignorati
1107 2709 1327 2805 Quapropter
1354 2733 1395 2781 eo
1425 2709 1538 2806 magis
1561 2730 1763 2805 persuasum

252 2821 444 2896 habeamus
476 2831 629 2922 oportet,
663 2849 708 2898 ne
732 2850 901 2924 umquam
923 2826 969 2900 ad
998 2825 1228 2924 cognoscendi
1251 2833 1433 2923 praecepta
1455 2825 1633 2900 attendere
1655 2849 1765 2900 cesse·
1884 2911 1885 2916 η

253 2964 352 3029 mus,
388 2941 595 3039 assidueque
629 2943 708 3032 illc,
744 2969 850 3042 quam
888 2944 1029 3018 laudere
1059 2943 1182 3031 velim,
1216 2943 1337 3017 normis
1378 2945 1596 3042 systematicai
1631 2953 1767 3020 nosmet
1917 3041 1921 3048 .

253 3059 347 3156 ipsos
374 3043 642 3158 adstringamus.
693 3061 833 3134 Etenim
863 3059 927 3134 hac
957 3061 1032 3159 ipst
1065 3067 1183 3134 exacte
1207 3067 1489 3159 constanterque,
1514 3086 1584 3136 non
1603 3063 1648 3136 ab
1675 3087 1766 3152 uno,

253 3177 337 3264 sed,
376 3177 534 3251 omnium
565 3202 755 3266 consensu,
792 3203 813 3252 a
849 3178 971 3275 quovis
999 3179 1100 3253 docto
1130 3177 1306 3266 adhibiti,
1332 3180 1375 3252 de
1399 3180 1632 3254 doctrinarum
1647 3183 1766 3280 magis

252 3295 402 3394 perlecti
438 3297 570 3370 ratione
607 3305 643 3371 et
677 3296 942 3395 amplificatione
976 3297 1088 3372 multo
1116 3297 1241 3371 melius
1268 3298 1334 3372 erit
1364 3299 1583 3397 sperandum.
1632 3302 1679 3374 Et
1703 3301 1767 3375 hdc

252 3416 289 3488 in
316 3439 353 3488 re
388 3415 418 3487 si
449 3415 686 3489 mathematici
711 3417 823 3515 magis
848 3425 885 3492 et
912 3441 1047 3516 semper
1068 3416 1285 3515 vigilassent,
1310 3418 1461 3515 prolecto
1484 3419 1556 3492 suis
1578 3419 1767 3517 disciplinis

253 3533 462 3634 prudentius
500 3534 774 3622 consuluissent,
815 3561 879 3610 nec
914 3535 1001 3610 adeo
1035 3535 1205 3609 tractandi
1235 3535 1350 3633 justae
1382 3536 1546 3611 methodo
1582 3538 1767 3637 studioque

252 3652 446 3727 rectissimo
478 3652 682 3728 offecissent.
732 3653 811 3728 Hoc
836 3655 930 3728 idem
964 3653 1131 3752 exemplis
1157 3653 1301 3752 probare
1332 3655 1492 3754 perfacile
1515 3656 1613 3732 foret.
1667 3659 1766 3735 Quae

255 3773 306 3858 si,
344 3777 385 3844 ut
414 3771 481 3844 alia
510 3779 742 3870 praeteream,
775 3798 795 3847 c
825 3773 1041 3847 Geometriae
1062 3780 1343 3870 argumentorum
1367 3775 1630 3873 pertractatione
1652 3783 1688 3849 11
1711 3777 1764 3850 in-

254 3889 503 3988 vestigatione,
537 3914 579 3964 ex
610 3891 820 3989 Analyseos,
844 3890 1052 3964 sublimioris
1076 3915 1182 3990 quam
1209 3900 1351 3982 vocant,
1375 3894 1527 3992 partium
1552 3896 1764 3994 expositione

255 4017 290 4082 et
319 4009 565 4108 explicatione,
601 4019 663 4084 aut
696 4010 957 4085 eMechanices
989 4011 1163 4086 doctrinae
1196 4013 1388 4112 praecipuis
1416 4014 1763 4114 contemplationibus

255 4131 490 4227 depromerem
528 4137 590 4203 aut
624 4131 815 4216 mutuarer,
853 4129 983 4229 passim
1018 4137 1053 4204 et
1089 4131 1264 4205 evidenter
1298 4156 1468 4232 apparere,
1500 4144 1635 4233 posset,
1671 4134 1763 4232 ipsas

256 4247 464 4322 emendandi
488 4255 524 4323 et
547 4249 741 4348 expoliendi
763 4249 1000 4336 difficultates,
1032 4257 1110 4324 tum
1135 4275 1215 4326 vero
1237 4276 1315 4339 eas,
1345 4253 1493 4351 quaein
1517 4252 1704 4352 digerendo
1729 4261 1764 4326 et

258 4367 522 4456 conformando,
557 4368 594 4442 in
628 4368 818 4466 aperiundo
846 4375 882 4441 et
903 4369 1158 4444 exaedificando
1185 4371 1305 4446 obviae
1329 4381 1432 4461 sunt,
1457 4374 1512 4446 vel
1535 4372 1666 4469 absque
1690 4397 1763 4444 am·

257 4485 357 4582 pliori
390 4498 425 4558 11
458 4485 650 4585 perfectiori
682 4487 898 4587 cognitione,
934 4496 1048 4564 tantas
1079 4515 1271 4590 numquam
1301 4491 1430 4580 luisse,
1458 4491 1488 4564 si
1519 4491 1563 4564 de
1590 4490 1766 4564 dividendi

258 4613 295 4677 et
321 4605 491 4702 partiendi
512 4608 702 4708 praeceptis
722 4607 913 4684 accuratius
935 4615 970 4682 et
994 4611 1106 4708 magis
1127 4612 1171 4685 de
1193 4611 1362 4684 industria
1385 4609 1606 4685 observandis
1627 4610 1765 4684 assidue

257 4722 449 4820 cogitatum
475 4723 608 4802 luisset.
659 4729 729 4802 Sed
751 4727 854 4803 etiam
878 4726 1048 4826 ejusmodi
1069 4729 1279 4828 negligentia
1299 4730 1517 4804 vehementer
1537 4755 1601 4804 nos
1622 4729 1767 4804 offendit

257 4843 294 4916 in
323 4843 567 4918 nonnullorum
590 4847 909 4924 mathematicorum
939 4846 1055 4936 libris,
1089 4849 1133 4922 ad
1167 4848 1360 4923 docendum
1386 4849 1596 4947 conscriptis.
1647 4849 1768 4924 Justae
