4892 6184
744 660 786 722 94
1304 651 1337 716 F.
1371 649 1406 718 C.
1440 646 1695 716 DONDERS

795 861 932 940 Quodsi
964 858 1074 944 enim,
1107 856 1249 930 florenta
1271 853 1446 930 academia
1469 861 1505 930 et
1525 852 1650 928 studiis
1676 849 1818 928 ardenta
1841 849 1905 926 hac
1930 849 2059 926 civium
2086 853 2257 928 academi-

709 959 725 970 ”
745 1005 863 1057 corum
883 1005 1021 1066 corono,
1046 975 1221 1076 rogandae
1249 973 1443 1073 provinciae
1464 971 1725 1048 difficultatibus
1755 976 1817 1045 aut
1848 969 2014 1045 molestiis
2036 995 2252 1070 nequaquam

746 1109 926 1199 gravatum
948 1121 1100 1172 measse
1125 1095 1251 1170 lubens
1274 1095 1453 1193 profiteor,
1476 1092 1639 1168 orationis
1663 1097 1927 1190 argumentum,
1951 1089 2047 1188 quod
2072 1089 2170 1164 vobis
2188 1115 2253 1164 uon

746 1218 942 1318 displiceat,
966 1217 1091 1315 eligere
1123 1221 1158 1290 et
1181 1211 1294 1288 verbis
1316 1237 1454 1300 ornare,
1478 1213 1516 1287 id
1539 1211 1673 1287 medico
1697 1209 1899 1310 physiologo
1927 1233 2093 1307 perquam
2123 1209 2253 1284 difficile

743 1345 778 1410 ct
806 1336 992 1410 molestum
1020 1357 1115 1421 asse,
1149 1329 1253 1404 etiam
1276 1337 1381 1428 etque
1402 1329 1507 1404 etiam
1529 1337 1691 1428 expertus
1711 1351 1800 1404 snm.
1849 1329 1936 1402 dure
1963 1329 2057 1403 enim
2085 1330 2252 1428 postulare

744 1452 928 1542 videmini,
954 1460 995 1526 ιιι
1022 1475 1067 1526 ne
1089 1449 1271 1550 specialem
1291 1449 1471 1548 adgrediar
1495 1473 1590 1538 rem,
1614 1473 1704 1548 quae
1723 1473 1745 1524 a
1767 1447 1857 1523 bene
1879 1447 2001 1522 multis
2023 1447 2249 1537 auditoribus,

741 1574 779 1646 in
818 1571 893 1646 aliis
936 1568 1138 1670 praesertim
1180 1567 1303 1641 studiis
1339 1566 1537 1666 occupetis,
1587 1567 1694 1666 probe
1731 1567 1879 1668 intelligi
1913 1575 2073 1668 nequeat.
2133 1569 2251 1666 Neque

743 1693 887 1766 fortuma
918 1689 1080 1777 sufficiat,
1112 1693 1153 1762 ut
1178 1685 1414 1786 quaestionem
1443 1693 1588 1762 tractem
1614 1685 1727 1787 magis
1747 1687 1959 1787 generalem,
1989 1687 2052 1762 sed
2070 1695 2111 1760 ιιι
2138 1687 2253 1762 eadem

743 1817 861 1884 nostro
890 1833 960 1908 quo
988 1808 1136 1883 vivimus
1163 1805 1310 1904 tempori
1338 1806 1596 1882 accommodata
1623 1805 1803 1896 videatur,
1828 1807 1858 1882 si
1881 1805 1978 1882 vobis
2007 1807 2174 1906 placitura
2196 1807 2255 1893 sit,

745 1928 874 2028 requiri
898 1935 1022 2026 potest.

793 2049 984 2126 Quaerenti
1014 2047 1150 2146 itaque,
1183 2045 1379 2144 quodnam,
1408 2045 1438 2120 si
1458 2045 1666 2122 medicinam
1693 2047 1889 2121 universam
1915 2051 2132 2144 spectamus,
2155 2046 2254 2144 phae-

743 2191 916 2242 uomeuon
939 2173 1056 2242 nostra
1079 2172 1191 2240 aetate
1199 2165 1351 2242 maxime
1368 2191 1432 2242 nos
1455 2167 1628 2254 advertat,
1653 2165 1825 2266 imprimis
1849 2163 2153 2240 animadvertenda
2173 2165 2255 2238 mihi

743 2287 880 2360 videtur
902 2287 1080 2375 omnium,
1105 2309 1194 2384 quae
1224 2285 1335 2360 latiori
1358 2309 1462 2362 sensu
1482 2286 1528 2362 ad
1552 2285 1759 2362 medicinam
1780 2284 1974 2384 pertinent,
1998 2283 2252 2383 disciplinarum

743 2407 936 2506 progressio
951 2413 1111 2482 constans
1125 2413 1160 2480 et
1174 2409 1359 2506 perpetua,
1383 2411 1501 2478 contra
1513 2403 1754 2502 plerarumque
1775 2425 1918 2501 praxeos
1935 2401 2088 2477 medicae
2106 2401 2251 2503 partium

743 2525 902 2602 anarchia
928 2535 963 2600 et
985 2525 1209 2626 perturbatio.

792 2645 991 2722 Medicinae
1019 2645 1197 2722 historiam
1228 2641 1421 2720 consulenti
1447 2641 1544 2718 omni
1566 2665 1649 2720 aero
1679 2651 1790 2718 artem
1820 2648 1857 2716 et
1886 2639 2065 2718 scientim
2087 2641 2253 2716 medicam

743 2763 976 2864 conjungendi
994 2763 1171 2864 conspicui
1193 2771 1275 2838 sunt
1296 2769 1451 2839 conatus.
1500 2761 1560 2837 Ad
1580 2761 1840 2860 antiquissimas
1863 2785 1945 2836 sane
1972 2769 2063 2836 artes
2088 2761 2255 2837 medicina

744 2885 903 2981 pertinet.
955 2885 1099 2960 Famam
1137 2883 1330 2974 alimentis,
1366 2881 1460 2958 sitim
1497 2881 1697 2981 potionibus
1731 2881 1860 2980 expleri
1890 2881 2039 2980 experti,
2073 2882 2130 2956 vix
2163 2881 2258 2956 ahter

743 3005 878 3101 potuit,
906 3003 990 3101 quin
1021 3004 1185 3077 adversus
1210 3003 1295 3076 ahos
1315 3002 1399 3075 item
1423 3000 1578 3100 ingratos
1600 3025 1723 3076 sensus
1745 3001 1914 3078 auxilium
1939 3000 2170 3100 quaesiverint
2198 3026 2258 3076 nec

744 3148 815 3196 non
845 3147 928 3196 casu
960 3121 1101 3196 fortuito
1131 3121 1307 3195 interdum
1335 3119 1528 3196 invenerint
1560 3121 1664 3221 primi
1690 3121 1763 3220 jam
1799 3127 1967 3196 terrarum
1998 3121 2139 3198 incolae.
2197 3121 2257 3195 Est

745 3243 811 3316 hoc
850 3241 989 3316 initium
1024 3241 1226 3316 medicinae.
1287 3239 1412 3340 Neque
1453 3239 1516 3316 diu
1559 3264 1600 3314 ao
1646 3240 1800 3315 contenti
1838 3241 1997 3330 luerunt,
2041 3241 2138 3340 quod
2179 3241 2260 3314 utile

747 3360 880 3459 aliquid
903 3385 977 3443 esse
1000 3359 1191 3448 videretur,
1221 3359 1326 3434 etiam
1350 3383 1471 3434 causas
1494 3382 1697 3458 cognoscere
1720 3383 1802 3434 mox
1827 3359 2046 3435 studuerrmt.
2097 3360 2156 3435 Sic
2184 3369 2258 3458 post

745 3479 954 3554 medicinam
977 3479 1151 3554 inventam
1178 3477 1265 3552 ratio
1289 3477 1446 3577 quaesita
1469 3485 1532 3554 est.
1581 3477 1764 3553 Perfaciles
1799 3479 1895 3554 omni
1933 3487 2100 3578 tempore,
2120 3479 2258 3554 lnenrnt

742 3599 869 3672 medici
901 3599 938 3672 in
973 3597 1216 3698 conjungenda
1247 3597 1378 3672 ratione
1415 3621 1497 3673 eum
1530 3595 1750 3696 experientia.
1800 3597 1973 3700 ‚Quaem
2003 3599 2098 3672 enim
2130 3597 2258 3673 theoria

745 3718 899 3791 sufficere
929 3717 1128 3806 videbatur,
1155 3741 1335 3816 quumque
1366 3715 1457 3793 lelici
1485 3717 1646 3792 scientiae
1678 3717 1909 3818 progressioni
1939 3727 2001 3794 aut
2030 3719 2260 3818 experientiae

742 3837 921 3911 maturiori
958 3843 1130 3936 receptam
1167 3837 1335 3912 theoriam
1375 3835 1572 3914 subvertere
1607 3837 1827 3937 contigisset,
1866 3861 1956 3914 nora
1997 3863 2080 3914 mox
2121 3839 2259 3913 inventa

743 3963 816 4042 ast,
849 3955 1103 4030 observationes
1132 3955 1299 4056 practices
1333 3955 1554 4056 explicatum.
1604 3957 1731 4056 Neque
1765 3981 1902 4058 semper
1933 3957 2032 4032 lacile
2066 3957 2260 4058 dijudicata

745 4083 820 4164 cst,
854 4081 972 4150 utrum
999 4075 1151 4149 theoriae
1172 4074 1285 4150 effatis
1317 4076 1454 4175 pranis,
1488 4101 1533 4152 an
1559 4076 1658 4177 praxi
1692 4077 1824 4153 theoria
1857 4078 1969 4177 magis
2003 4077 2261 4153 accommodata

748 4193 864 4270 luerit.
909 4195 988 4269 Hoc
1020 4219 1099 4272 vero
1136 4201 1290 4284 constat,
1327 4195 1616 4295 quandocumque
1654 4197 1862 4298 hypotheses
1892 4197 2074 4298 splendido
2107 4196 2261 4272 theoriae

745 4313 886 4390 nomine
918 4321 1059 4390 ornatae
1084 4321 1157 4390 tam
1184 4315 1300 4390 fflmas
1326 4315 1478 4415 egissent
1500 4316 1652 4404 radices,
1689 4325 1730 4392 ut
1758 4317 1813 4393 his
1838 4327 2004 4418 tauquam
2031 4317 2262 4394 fundamento

742 4433 858 4532 praxis
896 4441 1205 4535 superstrueretur,
1236 4435 1428 4512 maximum
1459 4435 1541 4510 inda
1574 4435 1742 4512 damnum
1770 4438 1902 4538 cepisse
1925 4437 2046 4538 prariu
2075 4437 2258 4514 medicam.

745 4553 827 4628 Non
862 4554 954 4629 enim
984 4555 1029 4630 ad
1061 4575 1141 4630 aum
1172 4549 1390 4654 perfectionis
1417 4556 1565 4655 gradum
1588 4555 1731 4631 scientie
1753 4557 1925 4656 pervenit,
1945 4599 1995 4616 -
2020 4557 2154 4632 nedum
2181 4581 2260 4656 per·

746 4673 895 4748 uenisset
917 4681 1010 4764 tum,
1044 4697 1155 4774 quum
1179 4673 1331 4756 theoriae
1354 4675 1432 4751 illae
1458 4675 1690 4774 reciperentur
1706 4717 1757 4736 -
1775 4685 1816 4752 ut
1843 4677 1928 4776 quid
1957 4677 2043 4754 utile
2076 4677 2141 4766 sit,
2172 4677 2261 4776 qnid

748 4815 874 4870 noxam
890 4794 1009 4872 afferre
1026 4795 1151 4895 possit,
1162 4793 1243 4869 inda
1262 4793 1350 4869 effici
1370 4801 1485 4893 queat.
1511 4793 1646 4874 Quodsi
1653 4793 1727 4894 jem
1736 4807 1855 4872 centos
1866 4821 1941 4873 esse
1953 4805 2088 4896 oportet
2099 4796 2136 4874 in
2149 4795 2263 4894 expli-
