4986 6200
900 717 1177 787 onsrro.
1345 813 1349 824 ἢ
1763 726 1806 796 rr

291 926 398 1006 tuisse
435 928 582 1016 dioitm,
618 934 659 1002 ut
687 927 850 1004 facundii
881 951 951 1002 non
983 928 1121 1013 minus,
1152 913 1274 1024 quam‘
1295 928 1460 1004 sermonis
1493 927 1735 1028 perspicuitate
1768 938 1806 1004 et

289 1048 484 1166 elegantia,
505 1048 674 1146 juvenum
699 1047 906 1122 discentium
929 1047 1061 1122 animos
1085 1044 1235 1118 maxime
1259 1043 1419 1122 alliceret.

339 1157 447 1244 Hune
479 1157 587 1265 igitur
620 1166 832 1266 praeclarum
867 1165 1042 1240 doctorem
1072 1163 1308 1240 academicum
1341 1165 1519 1244 abiturum
1546 1167 1709 1246 dolebant
1731 1167 1802 1242 fere

286 1310 428 1371 omnes,
463 1309 566 1372 oum,
604 1309 695 1360 anno
735 1287 849 1372 1824,
889 1285 966 1358 Rex
1005 1284 1237 1357 Gurnmnnros
1276 1283 1442 1371 Parmos,
1478 1286 1646 1364 Bernardi
1682 1287 1810 1374 merita

288 1403 431 1478 maximi
465 1403 614 1492 iaciens,
652 1404 757 1480 rebus
786 1427 889 1490 eum,
926 1403 972 1478 ad
1006 1402 1189 1478 sanitatem
1222 1401 1352 1478 navabs
1385 1411 1421 1476 et
1456 1407 1625 1482 terrestris
1660 1407 1802 1483 militiae

287 1522 563 1620 pertinentibus,
598 1523 806 1623 praefecerit.
868 1522 976 1622 Regis
1007 1520 1176 1598 voluntati
1209 1520 1367 1598 resistere
1400 1545 1470 1600 nou
1498 1524 1613 1622 potuit
1620 1557 1630 1612 3
1663 1525 1801 1622 itaque,

286 1667 389 1741 aegre
415 1643 593 1740 quamvis,
627 1642 671 1715 de
699 1641 845 1716 statione
869 1641 1065 1718 academici,
1090 1639 1264 1729 discessit,
1297 1639 1372 1738 ejus
1397 1649 1550 1716 attamen
1572 1641 1643 1716 voti
1663 1666 1803 1739 compos

285 1769 323 1835 et
342 1761 515 1860 gaudens,
536 1785 606 1858 quo
622 1761 698 1860 ipse
719 1761 924 1837 Professorie
941 1763 1106 1837 honorem
1122 1760 1270 1858 juraque
1292 1759 1408 1834 omnia
1428 1769 1595 1859 perpetuo
1614 1761 1801 1848 obtineret,

285 1891 322 1954 et
356 1904 426 1976 quo
458 1879 699 1954 doctissimum
730 1880 979 1968 Hoevnruurr,
1009 1879 1286 1977 expertissimum
1316 1888 1352 1951 et
1381 1879 1656 1954 eruditissimum
1687 1879 1801 1954 Medi·

283 1997 382 2074 cinae
413 2001 599 2074 Doetorem
632 2000 980 2088 Roterodamensem,
1014 1996 1260 2098 dignissimum
1282 1997 1537 2074 nancisceretur
1561 2023 1800 2084 successorem.

333 2119 457 2193 Meum
478 2143 548 2194 nou
568 2126 622 2194 ast
647 2103 789 2208 reterre,
815 2121 901 2218 quid
921 2121 1166 2205 Bursauone,
1190 2117 1338 2190 innovo
1363 2117 1635 2217 gravissimoque
1658 2141 1801 2194 munere

282 2239 456 2336 gerendo,
483 2239 698 2340 praeclarum
728 2239 847 2316 iecerit
876 2238 1163 2339 praestiteritque.
1212 2237 1378 2312 Attamen
1411 2237 1458 2325 si,
1491 2237 1562 2336 qui
1589 2237 1694 2314 fuerit
1724 2262 1802 2336 pro·

132 2403 135 2410 .
286 2357 396 2432 bitate
429 2365 465 2432 et
502 2360 688 2458 prudentiis
725 2359 897 2459 spectati,
932 2357 1164 2445 attendimus,
1197 2363 1275 2432 tum
1307 2381 1406 2445 vero,
1444 2365 1538 2455 quae'
1561 2359 1638 2457 ejus
1665 2359 1703 2432 in
1732 2365 1805 2434 arte

284 2476 419 2552 modice
451 2487 525 2554 erat
559 2479 663 2578 longa
695 2489 730 2554 et
764 2479 857 2556 varia
889 2477 1117 2577 experientia,
1151 2475 1181 2550 si
1206 2475 1481 2564 consideramus,
1515 2476 1641 2576 ecquid
1667 2477 1805 2555 dubita·

284 2619 401 2671 remus
437 2599 540 2696 quin,
578 2599 672 2699 quod
707 2601 959 2676 moderandum
998 2606 1034 2674 et
1074 2595 1387 2674 administrandum
1426 2598 1636 2697 susceperit,
1675 2597 1805 2696 optime

283 2715 575 2817 saluberrimeque
613 2719 786 2818 gesserit?
848 2719 918 2794 Sed
960 2717 1109 2816 probant
1155 2714 1220 2788 hoo
1265 2737 1403 2812 quoque
1444 2709 1557 2794 multa
1591 2717 1804 2815 pulchraque
1894 2731 1896 2738 ’

283 2833 540 2911 benevolentiae
566 2839 775 2914 documenta
794 2859 1000 2933 summaque
1020 2833 1129 2930 Regis
1149 2831 1406 2929 approbationis
1423 2833 1638 2922 testimonia,
1663 2835 1803 2912 abunde

283 2958 321 3025 et
354 2953 546 3047 identidem
581 2981 671 3053 quae
697 2955 932 3039 decorarint,
966 2960 1042 3026 tum
1065 2975 1145 3024 vero
1170 2950 1275 3024 etiam
1298 2950 1466 3040 honores,
1492 2952 1621 3048 quibus
1642 2961 1805 3041 ornatus,
1879 3011 1884 3024 .

282 3078 321 3143 et
343 3070 526 3170 dignitatis
549 3073 699 3170 medus,
724 3097 811 3171 quos
834 3071 982 3168 adeptus
1006 3077 1070 3144 est.

332 3191 539 3264 Bsnuanoo
564 3199 701 3280 autom,
733 3193 779 3267 ab
810 3216 901 3266 anno
930 3190 1012 3264 inde
1035 3190 1127 3264 1841
1151 3185 1494 3264 honodfioenussime
1518 3187 1634 3286 quiete
1653 3189 1802 3279 fruenti,
1923 3192 1927 3202 '

284 3317 461 3384 tantorum
487 3335 550 3409 pro
569 3312 706 3410 magnis
726 3311 858 3386 meritis
877 3308 1122 3386 beneficiorum
1145 3305 1341 3406 gratissimo
1363 3307 1479 3382 animo
1499 3308 1667 3384 recordari
1685 3333 1804 3407 posse,

286 3453 348 3526 per
391 3430 552 3504 undecim
592 3430 762 3506 annorum
804 3430 956 3530 spab'um
996 3428 1150 3528 contigit.
1212 3427 1274 3538 ut,
1295 3426 1364 3501 uisi
1403 3427 1623 3504 acerbissimo
1659 3427 1803 3506 effeetus

288 3547 424 3635 dolore,
455 3572 560 3646 quem
587 3559 763 3649 acceperat
787 3575 830 3624 ex
851 3549 952 3624 obitu
973 3547 1168 3622 carissimae
1191 3545 1325 3632 uxoris,
1350 3554 1526 3622 matronae
1552 3547 1683 3648 ingenii
1706 3548 1805 3624 cultu

284 3667 534 3742 ornatissimae·
555 3669 732 3769 animique
764 3670 889 3744 virtute
922 3666 1212 3767 spectatissimae,
1247 3673 1406 3740 reuectus
1441 3665 1552 3740 otiosa
1582 3666 1735 3764 proiecto
1770 3667 1803 3741 ei

288 3785 412 3862 suisset
436 3787 642 3864 felicissimo.

163 3930 170 3946 ·
281 3936 284 3942 ·
336 3905 438 3980 Vitae
469 3913 584 3981 totum
615 3931 756 3982 emaum
785 3905 986 4005 respiciens,
1021 3905 1183 4004 bonaque
1215 3905 1248 3980 ei
1280 3931 1441 3982 concessa
1478 3917 1514 3981 et
1546 3906 1685 4006 largiter
1720 3909 1801 3983 data

286 4024 404 4099 animo
434 4032 617 4125 reputans,
650 4049 712 4125 pro
740 4025 964 4100 multitudine
985 4033 1021 4100 et
1044 4025 1285 4124 magnitudine
1306 4026 1550 4102 beneficiorum
1573 4026 1700 4126 gratiae
1727 4051 1803 4125 per·
1863 4117 1866 4126 ³

287 4145 442 4220 solvendi
479 4146 629 4222 officium
662 4147 959 4246 religiosissimum
990 4129 1150 4220 babebat.
1199 4146 1359 4222 Honores
1390 4156 1508 4222 autem
1535 4145 1604 4222 sibi
1631 4146 1803 4238 tributos,

287 4273 350 4340 eut
387 4265 680 4341 nobilissimorum
718 4275 754 4342 et
788 4265 956 4365 dignitate
990 4289 1205 4339 summorum
1241 4267 1410 4355 virorum,
1438 4265 1526 4350 sive
1567 4267 1693 4342 civium
1731 4267 1803 4341 sive

287 4391 504 4472 exterorum,
529 4383 711 4458 ueletiam
742 4384 881 4482 Regum
900 4391 937 4458 et
960 4381 1179 4482 Principum,
1203 4409 1284 4459 oum
1304 4387 1424 4462 laudes
1447 4396 1524 4462 tum
1547 4387 1808 4486 approbationis

287 4499 495 4576 documenta
514 4509 549 4575 et
568 4501 855 4636 significationes,
880 4527 966 4601 quas
989 4511 1179 4620 occeperat,
1204 4505 1439 4594 considerans,
1465 4507 1531 4580 etsi
1548 4513 1665 4581 tantae
1684 4505 1800 4578 existi·

288 4619 448 4692 motionis
473 4627 509 4693 et
528 4619 640 4696 famae
662 4622 863 4696 memoriam
879 4629 999 4721 gratus
1015 4622 1268 4713 recordaretur,
1291 4635 1429 4714 tamen,
1453 4625 1626 4724 quidquid
1651 4624 1806 4700 doctrina

285 4745 323 4808 et
359 4735 588 4834 experientiae
621 4740 737 4816 fructu
772 4743 935 4840 proficere
972 4743 1173 4829 studuerat,
1209 4743 1273 4820 hoo
1306 4745 1502 4834 reminisci,
1535 4753 1573 4819 et
1601 4743 1811 4844 perpendere

286 4858 402 4954 quoad
439 4857 528 4932 bene
559 4858 706 4947 iecerat,
731 4861 832 4958 longe
856 4861 1045 4959 plurimum
1069 4862 1236 4958 placebat.
1288 4866 1406 4964 thue
1430 4865 1592 4942 omnium
1617 4865 1806 4952 honorum,

970 5011 974 5020 .
1550 4984 1607 5058 4*
