4986 6200
914 685 1192 754 ORATIG.
1689 699 1694 706 '
1772 683 1815 751 31

293 915 437 984 ereren,
467 892 650 992 Euangelii
670 891 849 968 Nuncium
873 892 1126 980 venerandum,
1150 889 1332 964 verborum
1354 887 1550 964 divinornm
1577 888 1806 987 Interprctem

292 1012 622 1110 prudentissimum,
647 1011 927 1109 praeclarumque
943 1011 1237 1085 concionatorem.
1271 1008 1479 1084 Academiae
1496 1006 1676 1082 Leidensis
1693 1030 1803 1105 quon·

293 1129 375 1204 dam
408 1130 477 1204 luit
509 1129 698 1228 discipulus
731 1127 897 1216 eximius,
930 1127 1061 1227 ingenii
1083 1128 1259 1225 animique
1282 1125 1423 1200 dotibus
1444 1126 1670 1225 conspicuus,
1694 1125 1804 1200 Thec-

252 1303 257 1314 .
292 1247 403 1345 logias
428 1245 627 1345 disciplinae
654 1247 715 1345 qui
737 1246 862 1320 deinde
883 1246 1013 1321 utiliter
1033 1253 1069 1320 et
1087 1244 1307 1320 laudabiliter
1327 1244 1414 1319 adeo
1436 1245 1583 1334 serviit,
1598 1253 1639 1319 ut
1657 1246 1805 1319 Senatus

291 1365 539 1453 Academicus,
574 1365 696 1462 quenti
734 1351 809 1464 ejus
841 1365 1016 1440 doctrinae
1047 1364 1292 1463 praestantiam
1325 1370 1361 1436 et
1398 1363 1626 1437 eruditionem
1659 1363 1801 1451 faceret,

292 1483 406 1580 palam
445 1483 687 1582 significaverit
725 1491 761 1557 et
801 1485 971 1584 praeclare
1011 1481 1220 1570 ostenderit,
1258 1505 1361 1571 cum,
1399 1487 1542 1580 rogante
1579 1481 1804 1557 Nobilissimo

290 1600 542 1702 Theologornm
569 1602 719 1690 Ordine,
744 1601 989 1703 dignissimum
1013 1625 1095 1676 eum
1118 1599 1301 1687 habuerit,
1326 1619 1431 1697 quem
1458 1596 1603 1672 summis
1629 1597 1667 1670 in
1688 1597 1804 1671 ¹Theo-

288 1718 381 1817 logia
421 1719 609 1793 honoribus
640 1707 796 1808 ornaret,
843 1719 991 1818 ideoque
1025 1718 1185 1793 Doctoris
1218 1717 1330 1817 gradu
1369 1741 1451 1793 eum
1488 1717 1641 1792 dannot.
1700 1716 1805 1790 Brevi

290 1837 425 1910 utinam
453 1838 506 1911 vir
534 1839 769 1925 venerandus,
794 1839 910 1914 valens
933 1846 970 1912 et
992 1837 1130 1936 vigens,
1154 1837 1352 1912 cathedram
1374 1841 1551 1935 acceptam
1578 1835 1802 1922 conscendat,

288 1954 419 2054 diuque
443 1981 521 2032 eam
544 1957 662 2032 ornetl

338 2075 425 2165 Sed,
463 2099 569 2174 quem
602 2075 694 2163 dixi,
730 2076 868 2150 honoris
902 2076 962 2152 illa
991 2075 1196 2176 significatio
1220 2075 1357 2176 parcius
1378 2073 1521 2176 quidem
1546 2079 1582 2150 et
1607 2073 1717 2149 rarius
1738 2075 1801 2160 fit,
1889 2162 1893 2170 ἱ

286 2203 323 2270 at
355 2217 396 2268 co
424 2195 631 2294 praeclarius
662 2195 797 2269 exsistit
818 2221 971 2296 magnac
994 2195 1256 2272 existimationis
1277 2196 1536 2272 documentum.
1585 2197 1805 2293 Quapropter

286 2337 331 2386 ue
359 2314 489 2388 talibus
522 2311 684 2388 leudibus
721 2323 905 2402 ornentur,
940 2313 1009 2389 nisi
1034 2315 1096 2414 qui
1128 2315 1284 2390 doctrina
1313 2321 1349 2388 et
1380 2315 1571 2389 eruditione
1607 2319 1802 2412 praestent,

76 2383 83 2394 .
224 2455 227 2462 ⁴
286 2431 462 2531 ingeniive
493 2433 668 2521 acumine,
704 2433 847 2530 pulchre
879 2458 919 2507 ac
944 2433 1116 2508 subtiliter
1135 2433 1309 2523 adhibito,
1333 2433 1527 2522 excellunt,
1551 2439 1615 2508 aut
1637 2429 1804 2530 singulari

287 2551 460 2648 industria
479 2552 541 2650 qui
562 2576 690 2651 magna
711 2552 899 2628 effecerunt
917 2553 1070 2653 magisve
1086 2553 1196 2629 ardna
1219 2561 1435 2653 superarunt.
1485 2555 1529 2628 In
1550 2553 1676 2628 horum
1697 2549 1805 2650 igitur

285 2693 432 2746 numero
463 2695 538 2746 esse
561 2671 675 2746 virum
703 2671 942 2748 doctissimum
964 2680 1001 2747 et
1023 2673 1257 2749 venerandum
1280 2675 1505 2748 Nrnnunrna
1521 2680 1613 2747 recte
1634 2669 1805 2745 intellexit

287 2789 435 2864 &nanu
460 2789 688 2865 academicus.
741 2791 798 2866 Sic
826 2815 906 2864 vero
932 2791 1038 2866 etiam
1066 2791 1111 2864 de
1132 2799 1168 2864 te
1188 2813 1264 2864 esso
1292 2791 1579 2878 existimandum,
1605 2788 1801 2862 doctissime

243 3003 248 3014 ἱ
284 2906 463 2983 Kunarrrl
489 2931 617 3004 magna
641 2907 686 2981 ob
700 2913 775 2988 ¹tna
798 2907 943 2995 merita,
967 2907 1075 3006 probe
1098 2907 1191 2983 hisce
1212 2907 1337 2982 diebus
1356 2908 1525 3007 judicavit
1547 2909 1590 3000 ¹).
1641 2906 1749 2986 Quod
1770 2906 1801 2980 ei
1850 2981 1855 2996 ,

287 3023 353 3108 tibi
377 3025 534 3124 impense
555 3025 789 3123 gratulamur,
812 3031 851 3099 at
871 3024 972 3099 uobis
996 3047 1213 3123 summopere
1236 3023 1440 3122 gaudemus.
1491 3022 1562 3097 Sed
1581 3022 1649 3096 alin
1671 3023 1804 3096 moedit

285 3143 406 3244 gaudii
434 3168 547 3218 causa.
597 3143 737 3218 Etenim
773 3145 803 3219 si
837 3144 1047 3219 Academiae
1080 3142 1224 3218 feliciter
1251 3141 1410 3230 cesserit,
1442 3141 1618 3216 inlocum
1649 3140 1712 3215 viri
1734 3141 1802 3216 ols-

283 3263 432 3352 riasimi,
457 3263 558 3362 cujus
578 3263 636 3362 pie
655 3264 801 3339 colimus
823 3262 1046 3360 memoriam,
1071 3268 1256 3336 venturum
1280 3284 1355 3334 esse
1374 3259 1570 3347 doctorem,
1593 3257 1801 3334 Academiae

283 3382 546 3482 dignissimum,
570 3383 712 3482 insuper
732 3383 794 3482 qui
816 3382 952 3469 deerat,
976 3380 1072 3456 haud
1092 3380 1225 3455 diutius
1247 3380 1468 3467 defuturum,
1493 3378 1592 3453 valde
1612 3379 1798 3468 laetamur,

287 3507 430 3598 quartae
465 3500 592 3575 scilicet
625 3503 662 3575 in
691 3503 945 3600 Theologorum
973 3500 1105 3574 Ordine
1138 3499 1320 3574 cathedrae
1349 3523 1430 3573 cum
1452 3497 1558 3572 etiarn
1578 3506 1799 3597 prospectum

285 3620 340 3695 sit.
404 3620 507 3695 Hanc
544 3619 687 3717 quidem
729 3621 895 3719 majorem
933 3618 1206 3694 munificentiam
1242 3625 1278 3692 et
1315 3616 1575 3706 liberalitatem,
1613 3617 1686 3715 qud
1720 3618 1798 3692 Rex

285 3738 567 3837 Angustissimus
598 3738 793 3814 illustrium
825 3739 1034 3814 Curatorum
1063 3736 1233 3812 voluntati
1271 3760 1311 3811 ec
1341 3735 1506 3834 suffragio
1533 3735 1714 3835 indulgere
1738 3760 1819 3810 vc·v

209 3889 213 3898 ·
285 3855 405 3944 luerit,
437 3855 646 3930 Academiae
668 3855 750 3930 laeti
776 3855 1001 3955 gratulamur.
1051 3855 1101 3928 'I'e
1124 3861 1242 3930 autem
1263 3863 1422 3931 vocatum
1445 3880 1543 3944 esse,
1568 3855 1657 3930 hanc
1681 3854 1796 3930 cathe-

282 3975 380 4049 dram
411 3975 473 4073 qui
504 3974 711 4048 conscendes
737 3981 773 4048 et
804 3973 962 4061 ornabis,
995 3973 1082 4071 quid
1106 3973 1239 4072 gratius
1262 3974 1390 4072 quidve
1409 3975 1475 4050 hdo
1497 3973 1671 4074 acceptius
1693 3973 1793 4048 uobis

232 4095 236 4102 '
283 4119 357 4168 esse
386 4094 526 4192 potuit?
583 4095 639 4167 Tu
668 4117 840 4192 namque,
874 4093 1071 4168 doctissime
1100 4093 1277 4182 Karana,
1309 4093 1410 4168 nobis
1438 4093 1601 4168 omnibns
1627 4117 1665 4168 es
1689 4093 1791 4168 aesti-

281 4220 395 4286 matus
427 4220 463 4286 et
498 4219 617 4311 gratus
651 4220 687 4286 ct
723 4238 833 4288 carus.
883 4215 933 4287 Tc
965 4209 1105 4288 laudare
1135 4219 1197 4287 tna
1217 4213 1409 4311 praesentia
1432 4219 1526 4288 vetat
1549 4219 1585 4286 et
1613 4211 1790 4286 modestia.

219 4327 222 4334 ’
281 4330 359 4406 Ηοο
396 4331 509 4406 dicam
545 4332 663 4407 liceat:
702 4333 873 4408 confidere
905 4357 988 4420 nos,
1024 4332 1128 4407 talem
1165 4339 1200 4406 te
1229 4331 1409 4422 futurum,
1442 4332 1581 4431 qualem
1602 4354 1737 4428 semper
1757 4337 1792 4402 te

243 4469 245 4476 ·
281 4449 413 4524 bonurn
434 4449 691 4550 candidumque
718 4459 754 4527 et
773 4460 1004 4554 praestantem
1025 4451 1259 4553 cognovimus.
1309 4452 1366 4526 Sic
1385 4477 1536 4551 namque
1554 4448 1790 4550 gravissimam

279 4569 345 4642 tibi
374 4569 573 4646 mandatam
600 4572 810 4670 provinciam
835 4573 965 4672 optime
990 4571 1265 4663 administrabis,
1291 4570 1340 4647 sic
1363 4571 1410 4646 cd
1429 4569 1636 4646 Academiae
1660 4567 1790 4642 famam

320 4821 347 4900 ¹)
367 4821 432 4884 vid.
452 4827 605 4886 Amtatic
623 4829 702 4890 XVI.
