4986 6200
704 687 747 756 20
1280 683 1319 755 G.
1354 684 1382 754 J.
1420 685 1642 757 vanarn

706 894 822 982 edito,
856 896 1146 992 Miscellaneaque
1172 892 1378 966 Latinitatis
1411 892 1619 978 continenti,
1654 913 1734 964 cum
1761 889 1902 964 alteram
1931 895 2064 1000 partam
2088 883 2222 966 addere

705 1011 743 1086 in
780 1012 934 1086 animum
971 1011 1184 1098 induxisset,
1219 1011 1308 1085 hane
1342 1011 1564 1109 conscripsit,
1594 1019 1630 1084 et
1652 1007 1879 1108 conscriptam
1901 1009 1997 1107 prelo
2020 1009 2221 1098 mandavit,

704 1132 864 1230 jamque,
899 1130 993 1229 quod
1022 1130 1222 1205 addendum
1247 1129 1418 1218 restabat,
1442 1131 1649 1217 dictaverat,
1673 1153 1754 1203 cnm
1777 1127 1896 1226 paucis
1923 1134 2002 1226 post
2028 1127 2152 1205 diebus
2176 1130 2222 1202 de

707 1250 976 1348 viti-migraret.
1026 1251 1152 1348 Itaque
1176 1249 1382 1347 opusculum
1404 1249 1538 1322 editum
1563 1249 1678 1322 videre
1703 1255 1738 1321 et
1760 1245 1927 1345 inspicere
1951 1271 2051 1345 posse
2076 1247 2223 1321 Auctori

705 1392 775 1441 non
809 1369 942 1443 licitum
978 1376 1041 1444 est.
1092 1370 1142 1443 At
1175 1393 1244 1466 qno
1277 1367 1419 1465 quidem
1451 1367 1657 1442 documento
1683 1366 1807 1440 melius
1827 1365 2073 1463 probaremus,
2097 1365 2222 1440 Virum

706 1487 968 1574 Clarissimum,
1002 1487 1172 1586 optimum
1197 1486 1416 1584 eundemque
1439 1493 1474 1559 et
1497 1486 1663 1584 probum,
1689 1485 1866 1583 animique
1890 1485 2036 1559 candore
2058 1485 2219 1560 omnibns

705 1606 1106 1694 commendatissimum,
1127 1605 1242 1680 labore
1259 1605 1430 1680 indefesso
1449 1631 1488 1680 ac
1508 1605 1673 1704 singulari
1691 1604 1799 1678 studii
1816 1611 1851 1678 et
1865 1603 2069 1702 cognitionis
2087 1627 2220 1692 amore,

706 1725 745 1798 id
765 1724 1001 1799 laudatissime
1022 1749 1160 1823 operam
1182 1724 1335 1811 dedisse,
1362 1732 1401 1797 ut
1420 1725 1531 1798 otium
1556 1749 1660 1797 suum
1679 1723 1767 1796 foret
1789 1721 2112 1798 fructuosissimum.
2154 1722 2222 1796 Sed

707 1844 753 1917 ad
777 1843 886 1941 ipsius
911 1844 1001 1917 vitae
1025 1868 1165 1918 cursum
1190 1844 1331 1942 propius
1355 1842 1542 1942 paullisper
1565 1841 1795 1916 attendemus.

755 1963 871 2036 Natus
908 1972 982 2037 erat
1011 1963 1284 2050 Amstelodami,
1319 1987 1410 2037 anno
1446 1963 1572 2037 saeculi
1610 1959 1845 2060 praecedentis
1880 1963 1954 2036 72⁰.
2003 1961 2127 2047 Pater,
2160 1962 2220 2058 qui

705 2085 897 2156 Proreneta
916 2089 1007 2169 arat,
1033 2088 1243 2157 mercaturae
1263 2081 1410 2181 negotiis
1429 2081 1578 2156 maxime
1597 2087 1803 2178 occupatus,
1828 2103 1909 2152 eum
1929 2103 2088 2166 omnem,
2114 2103 2219 2177 quam

707 2201 827 2290 vellet,
866 2201 1050 2276 liberorum
1085 2202 1249 2276 honestae
1274 2227 1313 2275 ac
1340 2200 1472 2275 liberali
1492 2198 1686 2274 educationi
1708 2223 1827 2272 curam
1851 2222 1968 2296 gerere
1992 2223 2062 2271 non
2083 2205 2222 2296 posset,

706 2320 838 2408 filium,
873 2329 959 2396 natu
996 2321 1206 2410 maximum,
1242 2327 1339 2394 sexto
1370 2319 1445 2418 ejus
1469 2318 1590 2392 aetatis
1613 2343 1724 2404 anno,
1760 2319 1967 2392 Praeconium
1994 2318 2220 2407 (Dortmucd)

707 2439 823 2527 misit,
859 2443 928 2538 qul
973 2441 1197 2536 Wectplraliae
1232 2438 1318 2512 urbe
1349 2437 1487 2534 cognati
1520 2437 1552 2510 ei
1577 2445 1613 2510 et
1641 2461 1766 2535 genere
1796 2435 1981 2534 propinqui
2007 2433 2221 2509 habitabant.

706 2555 839 2630 Verum
856 2559 960 2632 etiam
978 2557 1073 2630 urbis
1095 2557 1342 2653 Gymnasium,
1367 2555 1497 2654 optimt
1516 2564 1775 2653 praeceptorum
1794 2554 2025 2640 institutione,
2049 2553 2220 2648 inclytum

707 2684 780 2749 erat
808 2677 1027 2774 maximeque
1057 2676 1221 2764 florebat,
1254 2683 1296 2749 ut
1320 2676 1458 2763 nullus,
1489 2675 1581 2749 bono
1608 2675 1746 2774 ingenio
1776 2673 1971 2771 praeditus,
1996 2671 2218 2775 discendique

706 2817 822 2866 amore
845 2793 1147 2880 commendabilis,
1172 2793 1278 2891 hujus
1303 2781 1484 2891 Gymnasii
1509 2793 1640 2867 scholas
1662 2794 1912 2892 frequentaret,
1937 2790 2020 2888 quin
2042 2789 2221 2864 literarum

705 2911 951 2984 humaniorum
983 2912 1090 2984 studii
1127 2912 1296 2985 suavitate
1333 2921 1522 3009 caperetur.
1572 2913 1622 2985 At
1655 2913 1772 3014 talem
1792 2911 1972 2984 Manum
1997 2933 2033 2982 se
2053 2907 2224 3006 praestitit

708 3028 939 3126 discipulum,
964 3028 1043 3125 qni,
1069 3029 1302 3103 doctrinarum
1326 3029 1489 3103 subsidiis
1510 3029 1603 3128 large
1624 3037 1659 3102 et
1678 3029 1863 3104 liberaliter
1880 3030 2091 3114 instructus,
2116 3051 2219 3102 anno·

709 3171 779 3244 que
814 3149 909 3222 1789
941 3147 990 3219 in-
1008 3146 1156 3244 petriam
1187 3173 1362 3235 reversus,
1387 3173 1467 3222 cnm
1489 3147 1700 3222 celeberrimi
1723 3149 1884 3247 deinceps
1906 3148 2221 3232 Wrrrnnnsenrr,

707 3263 1039 3340 Amstelodamensis
1058 3265 1229 3340 Athenaei
1250 3289 1374 3340 nomen
1397 3266 1477 3363 qni,
1501 3291 1542 3340 eo
1562 3273 1732 3365 tempore,
1758 3267 1813 3341 sni
1828 3267 1978 3341 nominis
1996 3267 2089 3340 fama
2112 3267 2222 3364 magis

602 3409 604 3415 ⁸
708 3383 891 3482 magisque
923 3382 1148 3473 nobilitabat,
1181 3386 1304 3484 hujus,
1338 3386 1501 3483 inquam,
1536 3387 1663 3460 summi
1693 3387 1755 3460 viri
1777 3387 1911 3462 scholas
1933 3411 2014 3462 cum
2040 3386 2222 3484 diligenter

709 3507 744 3573 et
776 3501 875 3575 avide
904 3501 1090 3590 audiverit,
1124 3505 1262 3602 egregit
1300 3505 1518 3580 institutione
1543 3504 1729 3594 incitatus,
1753 3507 1928 3580 literarum
1961 3505 2085 3580 studiis
2111 3512 2222 3578 totum

710 3644 747 3692 se
774 3619 920 3706 dedere,
954 3628 989 3694 et
1014 3621 1051 3694 in
1076 3621 1150 3710 his,
1175 3631 1273 3721 patre
1296 3625 1436 3698 omnino
1463 3625 1721 3713 consentiente,
1746 3625 1835 3700 vitae
1858 3651 1940 3700 snae
1961 3623 2240 3698 tabernaculum.

710 3736 874 3810 collocare
900 3738 1088 3813 constituit.
1138 3739 1241 3813 Brevi
1268 3737 1410 3838 quidem
1435 3740 1524 3816 inter
1549 3741 1691 3816 eximios
1715 3745 2008 3818 Wrrrnnsncarr
2036 3743 2221 3840 discipulos
2314 3759 2321 3770 ·

709 3854 973 3944 numerabatur,
1017 3848 1236 3932 celeberrimo
1266 3861 1477 3958 praeceptori
1503 3860 1552 3934 ita
1583 3885 1619 3934 se
1645 3865 1910 3951 commendans,
1935 3871 1976 3936 nt
2000 3863 2093 3936 hunc
2117 3863 2220 3936 bene·

710 3973 826 4047 volum
861 3998 995 4072 semper
1026 3976 1185 4050 habuerit
1216 3977 1384 4052 fautorem
1420 3979 1659 4077 optimumque
1690 3989 1885 4078 patronum.
1944 3980 2135 4080 Singularis
2168 3981 2219 4055 in·

710 4091 871 4197 dustrice¹
881 4117 1156 4192 magnorumque
1171 4119 1417 4194 progressuum
1438 4097 1617 4195 egregium
1633 4099 1804 4197 specimen
1824 4100 1984 4198 praebuit
2000 4103 2220 4188 ann01793,

709 4235 791 4284 cnm
818 4235 881 4309 per
905 4211 1053 4288 lustrum
1085 4214 1378 4288 Wrrrarvancrsrr
1404 4214 1619 4290 institutione
1643 4243 1728 4292 usus
1747 4226 1830 4292 erat.
1879 4219 2026 4292 Doctam
2048 4242 2219 4316 namque,

702 4329 755 4403 ad
793 4329 903 4404 instar
940 4331 1135 4430 speciminis
1172 4334 1358 4408 academici
1380 4360 1416 4408 ,α
1452 4359 1489 4408 se
1523 4336 1772 4434 conscriptam,
1810 4336 1919 4411 edidit
1959 4337 2155 4411 Diatribeu.
2178 4339 2220 4410 de

709 4451 932 4536 Arr'stoceao,
966 4451 1147 4549 Pilosoplco
1169 4457 1418 4551 percpatetc'co,
1441 4478 1567 4553 quam,
1602 4455 1638 4528 in
1665 4457 1885 4530 Bibliotheca*
1902 4457 2044 4541 critica‘,
2069 4455 2219 4530 maxime

708 4568 863 4643 laudavit
889 4569 1233 4661 Wrrrnnsacnrus,
1271 4579 1330 4660 ut,
1366 4597 1446 4648 cum
1475 4574 1681 4672 opusculum
1703 4583 1799 4648 extra
1822 4575 1968 4673 patriam
1991 4575 2219 4661 innotuisset,

711 4686 842 4783 aliquot
871 4689 970 4762 annis
1004 4697 1082 4789 post
1112 4693 1254 4789 hieriae
1279 4692 1324 4766 sit
1345 4693 1541 4790 repetitum.
1591 4694 1694 4768 Hanc
1719 4701 1871 4770 attamen
1894 4695 2067 4770 doetrinae
2087 4702 2122 4768 et
2143 4718 2219 4768 eru·

711 4803 851 4880 ditionis
883 4807 1171 4885 existimationem
1200 4809 1378 4898 nonnulli,
1413 4809 1450 4884 in
1483 4811 1593 4910 patria
1629 4813 1769 4902 nosce,
1800 4837 1955 4888 censores
1981 4815 2139 4888 Mannro
2165 4811 2220 4884 in·
