4986 6200
883 679 1158 748 ORATIO.
1730 678 1772 745 δῖ

253 889 493 989 sequendum,
528 886 810 962 consideraretur.
868 889 1039 963 Notarum
1070 890 1205 964 veritati
1241 887 1360 963 leviter
1395 885 1530 986 saepius
1563 909 1763 974 assensum,

252 1011 365 1109 deque
396 1008 492 1108 justi
526 1006 756 1104 disjunctione
789 1005 964 1080 interdum
995 1031 1104 1104 paene
1135 1032 1206 1083 non
1242 1006 1433 1104 cogitatum
1465 1006 1611 1081 videtur.
1670 1005 1765 1079 Hinc
1898 1076 1901 1082 .

251 1126 340 1201 illud
378 1115 502 1198 vitium
542 1120 879 1220 frequentissimum,
913 1147 1004 1220 quo,
1039 1131 1173 1197 essetne
1211 1113 1327 1222 aliqua
1359 1121 1442 1200 nota
1476 1149 1555 1200 vcra
1591 1133 1652 1198 aut
1690 1148 1764 1199 esse

191 1321 198 1332 ,
252 1252 392 1343 posset,
427 1267 497 1318 non
530 1242 627 1342 prius
660 1267 700 1316 ae
734 1265 805 1316 non
839 1264 973 1340 semper
995 1242 1226 1339 inquireretur
1247 1252 1308 1317 aut
1330 1245 1520 1318 necessario
1542 1244 1764 1344 probaretur,

254 1389 360 1462 quam
391 1362 437 1438 ad
465 1362 701 1438 deliniendum
724 1359 972 1459 procederetur.
1023 1361 1117 1435 Hinc
1142 1361 1290 1436 alterum
1311 1361 1419 1448 illud,
1445 1386 1536 1458 quo,
1561 1363 1766 1437 existeretne

253 1490 414 1557 notarum
434 1482 624 1569 absolutio,
649 1503 718 1554 non
742 1479 824 1552 satis
844 1479 1095 1577 exploraretur,
1119 1481 1226 1555 immo
1244 1479 1420 1554 interdum
1441 1503 1511 1552 non
1535 1489 1764 1578 quaereretur.

253 1601 311 1674 Ita
341 1600 484 1698 quidam
517 1599 613 1674 baud
641 1621 717 1672 raro
752 1597 942 1672 neccssaria
975 1623 1055 1673 cum
1085 1599 1236 1673 fortuitis
1268 1597 1454 1673 commixta
1475 1597 1689 1695 reperimus,
1714 1600 1769 1672 vel

254 1721 360 1796 etiam
391 1719 534 1795 fortuita
561 1717 743 1804 admissa,
767 1717 957 1792 neccssaria
982 1718 1138 1805 exclusa3
1173 1717 1267 1816 quod
1292 1717 1360 1792 huc
1383 1716 1632 1816 propemodum
1657 1717 1766 1804 redit,

253 1863 323 1936 quo
347 1839 433 1913 falsa
458 1861 521 1935 pro
546 1836 634 1910 veris
659 1841 741 1910 sunt
765 1833 895 1910 habita.
1073 1825 1077 1838 ¹

301 1957 348 2028 Et
378 1955 430 2029 illi
463 1979 592 2029 errores
620 1955 726 2029 etiam
749 1961 841 2026 suntw
859 1955 1024 2044 notandi,
1048 1957 1085 2029 in
1115 1956 1243 2054 quibus
1266 1957 1488 2055 quamplures
1515 1963 1666 2030 versatos
1692 1979 1767 2028 esse

253 2076 579 2162 animadvertimus,
599 2115 649 2134 -
680 2074 766 2148 alter
786 2073 972 2161 nimirum,
1008 2099 1077 2174 quo
1106 2075 1328 2151 definitorum
1358 2075 1570 2151 conditiones
1595 2099 1658 2174 pro
1684 2075 1770 2174 ipsis

252 2196 345 2270 notis
380 2195 641 2280 adsumserunt,
675 2193 823 2292 ideoque
844 2194 921 2268 illas
942 2195 986 2270 ab
1016 2196 1070 2270 bis
1096 2221 1167 2271 non
1189 2197 1444 2285 distinxerunt,
1468 2243 1519 2260 -
1545 2197 1654 2283 alter,
1680 2219 1767 2294 quo,

252 2317 289 2388 in
327 2313 531 2388 definiendis
567 2311 768 2388 notionibus
802 2337 918 2387 rerum
947 2315 1178 2390 consimilium
1211 2325 1273 2392 aut
1301 2317 1587 2416 congruentium,
1613 2339 1770 2413 quaeque

254 2434 368 2508 eidem
388 2433 507 2532 generi
530 2441 613 2508 sunt
634 2431 809 2530 subjectae
834 2439 896 2506 aut
919 2433 1043 2532 subjici
1063 2443 1228 2534 possunt,
1253 2436 1299 2510 ad
1323 2442 1485 2510 notarum
1508 2433 1772 2509 similitudinem

254 2563 315 2630 aut
349 2555 544 2654 analogiam
578 2577 718 2652 prorsus
746 2577 816 2627 non
848 2553 1090 2629 adtenderunt.
1139 2555 1297 2629 Primum
1328 2556 1452 2629 vitium
1486 2563 1539 2629 est
1567 2553 1771 2628 maximum.

253 2675 307 2748 Re
335 2698 486 2772 namque
510 2673 673 2760 definita,
698 2671 802 2747 ubam
827 2696 902 2747 esse
921 2672 1088 2761 eandem,
1113 2698 1227 2772 neque
1250 2675 1301 2752 ab,
1314 2674 1379 2748 bric
1400 2673 1536 2748 differre
1556 2673 1771 2772 judicamus,
1810 2763 1812 2768 ,

255 2795 285 2866 si
321 2792 461 2867 easdem
492 2791 633 2866 omnino
667 2814 743 2864 esse
776 2797 876 2865 notas
908 2791 1125 2865 necessarias·
1147 2793 1348 2889 reperimus.
1410 2791 1489 2866 Hoc
1522 2790 1616 2865 idern
1654 2797 1772 2864 autem

253 2912 459 3011 plerumque
499 2917 552 2984 est
590 2907 909 2998 demonstrandum.
970 2907 1008 2980 Si
1038 2907 1293 2984 demonstratur
1326 2917 1380 2983 est
1415 2907 1673 3006 consequentis.
1723 2909 1774 2981 At
1869 2963 1874 2980 .

254 3031 351 3104 nulla
395 3026 642 3126 consequentia
689 3025 762 3099 sine
806 3025 994 3124 principio,
1033 3026 1106 3098 sine
1142 3051 1202 3113 eo,
1239 3027 1334 3125 quod
1371 3035 1493 3101 vocant
1529 3027 1772 3100 conditionem.

254 3151 349 3248 Ergo
382 3171 522 3222 cauum
556 3144 663 3220 habet
698 3166 761 3242 pro
793 3142 935 3232 effectu,
971 3145 1033 3240 qui
1064 3144 1278 3219 conditiones
1303 3135 1340 3218 in
1368 3153 1529 3219 notarum
1555 3146 1629 3219 loco
1653 3146 1771 3243 ponit,

255 3293 325 3367 quo
352 3266 495 3366 quidem
522 3265 573 3340 nil
601 3263 717 3362 aptius
750 3261 897 3350 adres,
930 3285 1069 3360 prorsus
1091 3262 1263 3350 diversas,
1289 3263 1561 3339 confundendas.
1612 3264 1772 3338 Alterum

256 3387 381 3460 vitium
413 3391 488 3458 tam
523 3381 643 3481 magni
673 3381 841 3455 momenti
871 3405 942 3456 non
974 3389 1046 3469 est,
1082 3389 1235 3484 attamen
1269 3383 1394 3458 defecti
1417 3384 1556 3474 nomine
1578 3383 1772 3458 notandum

258 3504 389 3604 opinor.
439 3499 570 3574 Modus
602 3501 731 3574 etenim
761 3500 914 3598 ordoque
945 3500 1133 3576 uniformes
1158 3501 1229 3575 sint
1252 3510 1404 3602 oportet,
1431 3502 1581 3601 quibus,
1605 3502 1643 3575 in
1671 3501 1772 3575 disci·

258 3622 373 3721 plinae
408 3627 506 3718 parte
538 3619 651 3718 magis
683 3618 866 3693 universali
899 3619 1057 3693 minusve
1088 3619 1255 3718 simplici,
1292 3645 1408 3696 rerum
1445 3628 1770 3719 argumentorumve

259 3738 478 3815 definitiones
510 3761 650 3836 prorsus
682 3744 874 3839 congruunt
904 3746 1009 3836 atque
1034 3739 1241 3813 concordent
1263 3765 1344 3814 cum
1367 3739 1456 3828 illis,
1482 3739 1611 3838 quibus
1632 3763 1770 3828 rerum,

260 3861 312 3946 in,
333 3864 429 3957 purte
466 3855 604 3954 speciali
631 3861 693 3930 aut
716 3856 914 3955 simpliciori
934 3858 1186 3946 consimilium,
1211 3859 1368 3934 notiones
1389 3859 1626 3952 declarantur,
1651 3859 1701 3934 ita
1730 3868 1770 3932 ut

253 3979 323 4068 ‚hac
354 3979 449 4076 ipsae
481 3999 620 4075 prorsus
654 3982 690 4049 et
724 3976 900 4050 evidenter
927 3977 996 4052 illis
1022 3977 1092 4051 sint
1115 3977 1312 4077 subjectae,
1338 3981 1391 4053 uti
1415 3979 1545 4052 formae
1570 3979 1765 4077 generibus.

263 4096 336 4175 Qui
365 4095 464 4170 aliter
498 4095 649 4182 faciunt,
681 4094 748 4168 sibi
774 4119 845 4169 non
868 4103 1046 4185 constant,
1071 4105 1106 4171 et
1130 4097 1386 4198 disciplinarum
1413 4097 1537 4176 melius
1560 4107 1768 4196 pertractan-

262 4217 385 4290 darum
418 4222 454 4288 et
483 4215 803 4313 amplificandurum
834 4216 973 4315 negotio
1002 4217 1091 4292 male
1115 4219 1332 4317 pessimeque
1358 4219 1563 4304 consulunt,
1589 4225 1665 4290 turn
1692 4225 1771 4292 ve'ro

262 4333 367 4406 etiam
400 4331 508 4406 studii
540 4332 696 4409 facilitati
721 4341 757 4408 et
781 4335 977 4434 progressui
1005 4337 1220 4434 systematioo
1252 4339 1407 4412 officiunt
1430 4337 1484 4410 vel
1509 4335 1678 4423 maxime,
1703 4337 1768 4409 im-

263 4451 477 4549 pediuntque
504 4453 690 4550 quominus
721 4453 979 4552 disciplinarum
1006 4455 1093 4529 ratio
1115 4456 1161 4529 ad
1186 4481 1300 4532 veram
1322 4481 1477 4531 normam
1500 4455 1611 4553 magis
1639 4455 1766 4553 magis·

266 4593 339 4668 que'
369 4570 516 4646 accedat.
567 4573 624 4646 Ita
653 4597 804 4671 namque
832 4573 926 4671 paria
960 4573 1184 4673 disjungunt,
1217 4584 1278 4650 aut
1307 4576 1480 4675 disjuncta
1504 4572 1656 4648 retinent
1680 4598 1769 4672 quae

267 4690 476 4789 conjungere
508 4701 723 4789 oportuerat,
758 4694 965 4792 quasivero
994 4695 1129 4793 justum
1163 4719 1278 4770 rerum
1310 4719 1439 4769 nexum
1472 4717 1675 4792 cognoscere
1710 4701 1771 4767 aut

262 4818 530 4886 commonstrare
545 4812 680 4938 ⁸vitant,
705 4822 741 4888 et
760 4837 825 4888 ceu
849 4811 1006 4889 recedere
1028 4813 1148 4890 volunt
1169 4813 1321 4912 aliosque
1342 4813 1463 4914 procul
1485 4821 1633 4888 remotos
1654 4820 1771 4888 tenere

1559 4932 1582 5004 8
