4874 6182
1275 658 1307 724 F.
1343 657 1377 725 C.
1412 657 1665 726 DONDERS

768 1445 1118 1522 Commemorandum
1142 1453 1266 1534 restat,
1291 1445 1424 1544 qualia,
1449 1471 1505 1520 me
1525 1447 1692 1535 Rectam,
1716 1447 1845 1522 fuerint
1868 1448 2075 1524 Academiae
2095 1451 2176 1526 lata,

768 1569 811 1640 In
842 1567 1041 1640 universnm
1070 1589 1232 1664 prospera
1260 1571 1313 1638 est
1343 1565 1550 1638 Academiae
1575 1565 1756 1662 conditio.-
1785 1567 1840 1640 De
1866 1568 1990 1642 studiis
2015 1576 2051 1642 et
2075 1570 2230 1642 moribus

721 1687 848 1760 civium
882 1685 1154 1760 academicorum
1192 1683 1369 1782 probabile
1403 1683 1506 1758 datur
1539 1685 1787 1762 testimonium.
1849 1689 1893 1760 In
1925 1687 2003 1760 albo
2036 1687 2230 1762 academico
2286 1727 2293 1742 ι

721 1829 919 1904 nunquam,
936 1805 974 1880 ni
993 1805 1108 1892 lallor,
1124 1804 1194 1878 ullo
1212 1803 1280 1876 alio
1298 1827 1389 1878 anno
1407 1811 1526 1878 tantm
1545 1828 1712 1878 numerus
1734 1829 1797 1880 sua
1815 1805 1955 1880 nomina
1972 1807 2226 1906 inscripserunt

719 1927 827 1998 Estne
860 1923 955 2022 quod
990 1923 1119 2020 insigni
1145 1922 1205 1994 isso
1238 1921 1447 1996 incremento
1479 1922 1672 1996 laetemur?
1731 1926 1820 2000 Sane
1855 1925 1949 2024 quod
1979 1926 2227 2024 praecaeteris

719 2044 904 2118 academiis
947 2042 1180 2116 studiosorum
1220 2066 1365 2116 numero
1408 2042 1566 2116 increscit
1607 2041 1692 2116 baec
1733 2051 1850 2118 nostra
1891 2045 1979 2118 clare
2020 2044 2229 2118 demonstrat

720 2187 839 2238 succos
873 2187 949 2237 cam
975 2186 1017 2234 ex
1044 2160 1202 2234 universo
1236 2161 1367 2259 patriae
1395 2160 1489 2234 fonte
1522 2160 1714 2235 uberrimos
1747 2161 1901 2250 haruire,
1936 2163 2112 2260 vitamque
2145 2162 2228 2236 omi·

719 2291 823 2356 natur
852 2281 1020 2368 alacrem,
1054 2281 1265 2356 diuturnam.
1322 2281 1377 2354 Ne
1412 2287 1527 2354 autem
1557 2273 1765 2378 comparatio
1793 2281 1995 2354 instituatur
2024 2307 2105 2356 cum
2133 2283 2230 2356 annis

719 2401 933 2501 praeteritis,
969 2425 1079 2499 quum
1110 2425 1254 2474 examen
1291 2425 1447 2474 severum
1478 2400 1590 2476 solum
1617 2401 1761 2500 januam
1789 2399 1946 2499 aperiret.
1996 2399 2077 2474 Jam
2106 2401 2228 2500 cuique

720 2521 766 2594 ad
788 2521 965 2595 Minervae
992 2520 1159 2618 templum
1178 2527 1275 2618 patet
1299 2519 1414 2594 aditus
1435 2527 1471 2593 ct
1492 2519 1618 2618 cuique
1641 2544 1722 2592 eum
1747 2527 1864 2618 patere
1890 2543 1960 2592 non
1981 2519 2229 2617 improbamus.

717 2639 796 2714 Hoc
832 2665 942 2714 unum
971 2639 1238 2738 improbandum
1272 2639 1432 2728 videtur,
1467 2639 1605 2714 nullum
1633 2639 1710 2712 dari
1742 2638 1925 2713 discrimen
1955 2639 2110 2736 prolanos
2136 2639 2231 2712 inter

719 2767 755 2832 et
790 2758 964 2846 initiatos,
999 2759 1185 2834 exotericos
1222 2759 1312 2833 inter
1351 2766 1387 2833 et
1416 2758 1597 2833 esoterieos
1609 2791 1619 2846 ;
1652 2757 1761 2830 civem
1793 2757 2025 2860 academicum
2058 2757 2127 2830 sibi
2159 2782 2232 2832 non

719 2879 894 2954 conscium
929 2904 1022 2966 esse,
1059 2879 1146 2976 quid
1181 2885 1350 2976 praestet,
1384 2877 1470 2977 quid
1502 2901 1565 2951 sua
1602 2876 1757 2950 doctrina
1782 2876 1913 2964 valeat,
1939 2875 2025 2974 quid
2052 2875 2232 2951 doctoralis

719 2998 904 3096 aliquando
924 2997 1053 3094 gradus
1077 2997 1278 3094 capescendi
1302 2996 1427 3072 cuidus
1447 3003 1508 3070 aut
1534 2993 1742 3094 sperandum
1762 2995 1888 3070 habeat
1911 3001 1973 3069 aut
1992 2995 2229 3070 metuendum.

721 3115 790 3188 Sed
818 3121 969 3188 avertere
998 3113 1171 3186 malume
1203 3113 1310 3187 nimia
1341 3115 1544 3188 liberalitate
1569 3114 1738 3187 oriturum
1761 3137 1868 3212 penes
1893 3137 1952 3188 vos
1981 3121 2054 3202 est,
2079 3113 2229 3187 studiosa

719 3231 909 3304 Juventusl
960 3229 1099 3304 Crescat
1123 3237 1234 3304 vestra
1256 3231 1426 3306 industria
1447 3239 1483 3306 et
1501 3232 1627 3330 cuique
1645 3239 1795 3306 vestrum
1823 3231 1917 3308 cordi
1939 3232 1985 3308 sit
2009 3240 2226 3332 praeceptum

719 3350 806 3424 illud
831 3347 1000 3448 Apollinis
1025 3349 1155 3447 templo
1177 3349 1554 3452 inscriptum2'yrcidc
1578 3355 1749 3430 σεαυτόν.

770 3467 967 3549 Quotannis
1007 3467 1134 3542 Rector
1159 3493 1357 3576 memorare
1396 3471 1481 3546 solet
1515 3497 1604 3570 quae
1646 3472 1692 3547 ad
1725 3471 1914 3572 praesidia,
1955 3469 2083 3569 quibus
2122 3471 2231 3545 utitur

724 3589 930 3676 Academia,
960 3587 1143 3687 pertinent.
1193 3589 1408 3666 Mutationes
1432 3599 1549 3667 autem
1579 3593 1725 3691 exiguae
1749 3615 1824 3666 esse
1851 3589 1961 3664 solent
1990 3615 2030 3664 ac
2053 3599 2231 3688 propterea

722 3707 840 3781 brevia
862 3706 1066 3806 plerumque
1094 3719 1276 3806 responsa,
1297 3711 1343 3784 ad
1369 3713 1551 3785 Rectorem
1572 3711 1677 3785 missa
1705 3709 1750 3784 ab
1770 3709 1832 3798 iis,
1857 3708 1985 3808 quibus
2013 3709 2227 3808 singulorum

590 3925 593 3932 ¹
722 3823 972 3924 praesidiorum
1020 3849 1101 3898 curs
1147 3833 1208 3900 aut
1254 3853 1339 3902 usus
1379 3813 1542 3904 mandata
1577 3837 1669 3906 srmt
1731 3827 1847 3903 Verbo
1879 3827 2042 3927 pleraque
2075 3827 2228 3926 tetigisse

724 3943 879 4018 sufficiat.
930 3941 1190 4018 laboratorium
1227 3945 1441 4038 chemicum,
1479 3971 1548 4046 quc
1588 3956 1705 4022 nostra
1738 3947 1894 4046 superbit
1931 3947 2140 4035 Academia,
2172 3971 2229 4020 su·

721 4061 834 4160 pellex
869 4061 1175 4136 instrumentorum
1210 4064 1450 4163 physicorum,
1487 4067 1649 4165 Physices
1683 4067 1887 4142 Professoris
1922 4069 2002 4141 usui
2040 4065 2229 4153 destinata,

676 4235 682 4246 .
721 4180 841 4262 hortus
882 4181 1061 4256 botanicus
1098 4189 1174 4256 tum
1211 4182 1352 4259 diversis
1387 4186 1514 4292 plantis
1550 4185 1708 4274 exoticis,
1744 4193 1821 4259 tum
1859 4183 2051 4261 seminibus
2087 4183 2227 4258 aliunde

721 4299 858 4388 missis,
890 4307 968 4374 tum
993 4301 1097 4374 etiam
1122 4300 1184 4374 viri
1210 4301 1415 4378 nobilissimi
1435 4305 1625 4380 Beaulortii
1647 4305 1849 4379 liberalitate
1875 4303 2057 4404 insigniter
2077 4303 2227 4402 locuple·

720 4424 833 4506 tatus,
859 4417 995 4518 singula
1026 4419 1108 4494 haec
1138 4419 1261 4494 studiis
1283 4421 1347 4495 rita
1382 4422 1573 4522 prospicere
1605 4423 1719 4498 valent
1747 4421 2039 4521 pmspiciuntque.
2095 4421 2227 4494 Crescit

722 4537 859 4611 assidue
880 4561 1040 4612 museum
1063 4539 1316 4628 anatomicam,
1351 4541 1473 4614 florent
1503 4541 1773 4617 observatorium
1797 4540 2103 4640 microscopicum,
2134 4539 2227 4613 labo·

722 4655 885 4730 raterium
911 4657 1193 4760 physiologicum.
1242 4657 1296 4732 De
1324 4657 1552 4751 bibliotheca,
1575 4662 1636 4760 qui
1658 4661 1740 4736 huic
1764 4659 1956 4758 praelectus
1984 4666 2037 4733 est
2067 4659 2229 4756 Collega,

724 4772 844 4894 haecce
870 4799 1004 4851 mecum
1031 4773 1310 4851 communicavit:
