4986 6200
703 691 752 758 ss
1258 653 1327 754 c.
1360 686 1389 752 r.
1424 685 1645 755 vnnnrn
1783 633 1790 639 ’

704 901 862 984 trentur,
888 893 1025 994 saepius
1045 915 1116 968 nou
1136 896 1228 967 reete
1246 897 1309 968 eut
1328 891 1469 968 omnino
1486 915 1556 966 non
1579 894 1714 966 secutos
1735 912 1830 978 esse,
1854 889 1910 964 vel
1927 895 2043 966 tamen
2061 890 2217 990 ejusdem

704 1039 862 1105 omnem,
888 1037 994 1112 quam
1017 1011 1222 1112 oportuerit,
1252 1011 1421 1088 rationem
1444 1035 1515 1086 non
1542 1009 1715 1086 habuisse.
1763 1008 1949 1084 Praesidiis
1974 1010 2113 1109 itaque,
2138 1013 2214 1111 qui·

704 1135 773 1210 bus
790 1134 938 1222 muniti,
963 1132 1152 1210 certissime
1173 1137 1209 1206 et
1230 1131 1402 1206 tutissime
1419 1131 1602 1231 procedere
1618 1135 1778 1230 possent,
1800 1137 1862 1203 aut
1882 1128 2065 1220 subsidiis,
2089 1129 2217 1230 quibus

704 1253 836 1354 adjuti,
862 1253 990 1330 omissa
1012 1275 1175 1352 quaerere
1196 1257 1232 1326 et
1255 1257 1347 1326 recte
1368 1251 1564 1351 explorare,
1588 1249 1708 1324 ordine
1727 1247 1861 1322 meliori
1880 1249 1997 1324 omnia
2016 1249 2216 1349 disponere,

703 1381 765 1448 aut
796 1380 911 1450 totum
942 1373 980 1448 in
1009 1373 1121 1471 justas
1149 1377 1265 1470 partes
1289 1371 1464 1460 tribuere,
1495 1369 1549 1445 vel
1580 1369 1686 1444 etiam
1710 1367 1832 1442 vitiosa
1859 1368 2048 1468 corrigere,
2072 1370 2218 1447 obscura

703 1492 903 1591 explanare,
949 1517 1056 1567 vacue
1098 1492 1286 1588 complere,
1328 1491 1493 1590 ambigua
1527 1513 1684 1578 cernere,
1718 1511 1798 1562 vera
1838 1495 1873 1562 et
1907 1489 1993 1564 falsa
2028 1489 2216 1588 dijudicare

701 1617 858 1710 possent,
891 1609 985 1684 hisce
1015 1610 1092 1686 dico
1124 1609 1336 1709 adjumentis
1360 1615 1396 1684 et
1425 1607 1644 1684 adminiculis
1666 1605 1724 1680 vix
1746 1605 1802 1679 usi
1821 1612 1883 1680 aut
1907 1607 2025 1682 minus
2049 1607 2138 1682 benc
2158 1611 2214 1684 usi

702 1734 802 1814 sunt,
836 1711 1004 1825 tinquam
1037 1727 1067 1801 si
1099 1727 1274 1802 tantulum
1308 1724 1487 1825 negotium
1517 1724 1705 1802 adtendere
1735 1730 1797 1798 cut
1825 1748 1945 1799 curare
1968 1725 2105 1802 minimi
2129 1727 2216 1804 foret

702 1845 888 1920 momentil
939 1847 986 1920 Et
1017 1846 1175 1944 quamvis
1211 1843 1301 1920 illud
1336 1845 1596 1921 concedendum
1629 1845 1787 1942 beneque
1821 1844 2031 1934 tenendum,
2063 1850 2138 1922 veri
2166 1851 2217 1922 in·

701 1968 952 2066 cestipcts'cncm
981 1991 1052 2041 reru
1084 1991 1156 2042 csse
1190 1989 1332 2065 scapnac
1358 1967 1584 2064 difficultate,
1617 1967 1688 2040 late
1711 1967 1749 2039 in
1773 1965 1917 2040 dicereris
1943 1967 2132 2062 discplinis
2145 1994 2213 2065 pc·

702 2093 847 2173 iesum,
871 2087 1079 2184 arduumque
1106 2109 1178 2160 esse
1203 2087 1241 2160 in
1263 2085 1383 2184 quovis
1406 2083 1606 2182 discplind,
1623 2091 1785 2158 attamen
1810 2083 1982 2182 ejusmodi
2005 2091 2088 2158 sunt
2115 2085 2215 2162 disci·

699 2205 875 2303 plinerum
905 2204 1228 2279 mathematicarum
1261 2203 1395 2278 indoles
1424 2211 1460 2278 et
1489 2204 1598 2292 ratio,
1633 2203 1736 2277 utin
1764 2203 1825 2291 iis,
1859 2228 1940 2302 prae
1971 2205 2131 2295 caeteris,
2162 2231 2216 2282 co·

702 2324 838 2424 gitandi
879 2332 915 2398 et
957 2323 1187 2423 cognoscendi
1229 2322 1366 2422 legibus
1413 2323 1558 2422 parendi
1598 2347 1725 2422 easque
1764 2322 1980 2398 uniformiter
2015 2323 2218 2400 observandi

702 2443 924 2542 planissimus
948 2451 984 2518 et
1007 2442 1241 2542 amplissimus
1265 2443 1367 2517 detur
1390 2443 1495 2518 locus.

751 2565 870 2642 Quom
899 2562 945 2637 ob
975 2588 1049 2638 rem
1075 2563 1167 2638 inter
1192 2587 1336 2651 censes,
1361 2562 1489 2661 quibus
1514 2563 1702 2638 earundem
1723 2560 1982 2661 disciplinarum
2001 2564 2220 2663 quamplures

700 2689 816 2780 partes
852 2682 969 2756 minus
1004 2682 1174 2782 perlectae
1209 2681 1359 2756 existent
1388 2707 1453 2757 uec
1482 2681 1618 2758 latiores
1640 2681 1709 2755 sint
1733 2705 1796 2756 nee
1820 2681 2012 2779 pleniores,
2038 2681 2096 2757 ills
2119 2707 2216 2782 pras·

700 2801 801 2900 cipue
823 2801 976 2876 notanda
996 2801 1153 2890 videtur,
1177 2827 1268 2901 quae
1288 2803 1458 2902 originem
1483 2802 1580 2878 ducit
1597 2827 1640 2878 er
1660 2826 1721 2890 eo,
1747 2801 1840 2900 quod
1858 2825 1980 2876 norme
2002 2801 2220 2900 systematica

702 2921 819 2994 minus
838 2929 930 2996 recte
952 2920 1109 2994 adhibita
1127 2923 1333 3018 saepiusque
1354 2923 1497 2997 dimisse
1516 2923 1571 2997 sit.
1622 2923 1735 3018 quue
1757 2921 1787 2992 si
1809 2945 1929 2994 verum
1948 2927 2019 3006 est,
2045 2945 2087 2994 eo
2109 2919 2221 3018 magis

702 3038 845 3135 quidem
878 3037 984 3134 hujus
1017 3037 1092 3110 aevi
1119 3038 1360 3110 Mathematici
1394 3039 1440 3110 cb
1472 3039 1565 3111 hunc
1592 3038 1790 3134 neglectum
1820 3037 2093 3132 reprehendendi
2120 3045 2221 3126 sunt,

702 3181 783 3232 cum
818 3153 955 3250 antiqui
992 3154 1196 3226 Geometrae
1226 3154 1325 3251 aequi
1351 3154 1447 3227 illam
1478 3155 1654 3229 laudetem
1684 3153 1853 3226 rationem
1883 3155 1936 3228 vel
1968 3156 2118 3230 manime
2148 3166 2221 3232 stn-

704 3271 864 3360 duerint,
901 3279 978 3344 tum
1011 3295 1090 3344 vero
1134 3269 1239 3345 etiem
1272 3279 1468 3348 constanter
1504 3281 1541 3347 et
1576 3280 1743 3374 perpetuo
1781 3272 1904 3346 eddom
1941 3274 2113 3349 utendum
2146 3297 2223 3348 esse

705 3391 821 3466 stricte
849 3391 1085 3490 praeceperint
1115 3415 1155 3464 cc
1186 3415 1296 3488 paene
1318 3393 1494 3492 jusserint.
1547 3393 1617 3469 Sed
1646 3393 1689 3467 de
1714 3392 1779 3466 hoo
1800 3392 1943 3490 antiqut
1966 3393 2021 3466 vis
2039 3394 2221 3492 paullatim

705 3511 883 3586 decessum
909 3516 972 3595 est.
1022 3508 1094 3583 Alii
1120 3509 1263 3607 antiqua
1285 3511 1345 3586 illa
1365 3520 1547 3612 praecepta
1569 3511 1745 3598 obsoleta,
1768 3510 2036 3610 inelegantiora,
2061 3520 2097 3586 et
2121 3516 2220 3612 quasi

704 3629 879 3728 superflua
897 3627 1116 3726 judicarunt3
1140 3673 1191 3695 -
1218 3628 1295 3717 clii,
1321 3629 1491 3719 abusum,
1512 3675 1562 3692 -
1585 3638 1622 3707 at
1644 3655 1762 3706 revere
1788 3657 1987 3732 perversum
2019 3658 2141 3722 usum,
2169 3679 2219 3698 -
2341 3727 2345 3736 Ι

703 3749 805 3824 unice
840 3753 1057 3846 spectantes,
1089 3747 1209 3846 inepte
1242 3749 1364 3823 eadem
1397 3775 1598 3850 parumque
1613 3751 1777 3850 proficere
1802 3775 1866 3826 nec
1892 3754 2054 3852 expedire
2077 3777 2217 3829 censue·

703 3875 804 3956 runt,
838 3866 1061 3942 notionumve
1094 3872 1130 3940 et
1160 3868 1315 3942 materiei
1342 3869 1439 3968 sopit
1461 3869 1694 3958 luxuriantes,
1719 3870 1860 3944 liberius
1882 3897 1984 3971 agere
2008 3873 2118 3948 menti
2136 3897 2216 3948 con·

704 3987 898 4062 cedendum
931 4011 1005 4063 esse
1037 3977 1223 4085 putarunt,
1258 4012 1302 4062 ne
1335 3989 1438 4066 arctis
1472 3988 1642 4088 ejusmodi
1677 3989 1838 4078 ricerdis,
1875 3985 2004 4089 quibus
2036 3992 2215 4092 ingenium

707 4105 823 4180 studio
858 4106 917 4180 illo
953 4105 1171 4205 systematico
1202 4107 1423 4182 constrictum
1458 4107 1615 4197 videtur,
1653 4108 1888 4207 impediretur.
1947 4111 2074 4187 Veram
2110 4112 2217 4211 igitur
2293 4139 2300 4152 ·

705 4249 863 4302 normam
886 4251 925 4301 ac
948 4225 1117 4300 rationem
1143 4213 1213 4300 uon
1236 4234 1430 4315 servarunt,
1455 4227 1555 4326 sequi
1579 4251 1656 4302 eam
1677 4227 1906 4316 destiterunt,
1924 4229 2075 4328 -eJusque
2096 4229 2214 4318 obliti,

706 4345 805 4444 cujus
840 4355 1007 4444 perpetuo
1038 4371 1207 4422 memores
1241 4371 1316 4421 esse
1349 4347 1566 4435 debuissent,
1601 4346 1705 4421 simul
1731 4347 1836 4422 etiam
1857 4347 2038 4425 certissimi
2060 4349 2215 4424 modera-

705 4464 809 4539 minis
834 4466 962 4540 auxilio
986 4466 1039 4540 uti
1062 4467 1132 4541 sere
1155 4467 1192 4540 in
1217 4463 1481 4542 desuetudinem
1505 4467 1602 4543 abiit.

753 4586 895 4660 Temere
929 4592 1046 4661 autem
1074 4587 1143 4662 nisi
1176 4587 1304 4688 injuste
1329 4611 1430 4687 agere
1456 4586 1544 4660 mihi
1571 4585 1721 4676 viderer,
1747 4588 1777 4662 si
1799 4613 1936 4676 omnes,
1962 4588 2005 4664 de
2025 4587 2216 4688 disciplinis

585 4749 590 4760 ·
703 4705 954 4781 mathematicis
994 4706 1124 4804 optime
1164 4703 1325 4796 meritos,
1372 4706 1498 4804 pariter
1539 4705 1693 4806 ejusdem
1731 4707 1962 4807 negligentiae
2000 4731 2213 4796 accusarem,

705 4845 810 4919 quem
834 4825 871 4900 in
897 4826 1017 4902 multis
1039 4834 1216 4927 tantopere
1238 4825 1556 4927 reprehendendam
1581 4851 1714 4903 censeo.
1763 4829 1874 4902 Fuere
1897 4853 2048 4928 nemque
2074 4828 2216 4938 ingenio
