4986 6200
911 671 1187 740 onlrro.
1766 675 1806 740 13

301 876 481 952 tummodo
511 884 552 982 et,
579 875 769 952 eruditione
795 876 856 949 sed
886 877 990 952 etiem
1018 880 1171 954 muneris
1196 880 1372 956 iunctione
1401 881 1606 978 praestabat.
1656 881 1805 978 Jamque

299 997 363 1069 hoc
401 996 483 1070 satis
516 995 627 1068 laudis
665 995 698 1069 ei
728 994 869 1083 luisset,
903 1021 984 1070 cum
1021 998 1204 1096 Euangelii
1236 1000 1395 1074 Nunnius
1432 1024 1531 1074 verus
1564 999 1803 1098 Ecclesiaeque

301 1117 457 1215 Antiates
478 1115 590 1189 bonus
613 1122 648 1190 et
668 1117 815 1215 diligens
831 1113 1032 1201 haberetur3
1057 1116 1119 1189 sed
1137 1140 1206 1214 quo
1223 1123 1295 1191 erat
1313 1118 1489 1215 praeditus
1507 1120 1632 1194 eximio
1650 1120 1804 1218 ingenie,

302 1235 439 1331 quaque
465 1234 579 1307 indole
605 1235 723 1323 alacri,
749 1233 878 1333 egregii
901 1241 937 1306 et
956 1232 1001 1307 ad
1020 1233 1205 1309 dicendum
1226 1235 1378 1334 prompti
1402 1237 1657 1313 concionatoris
1679 1240 1807 1313 famam

302 1351 470 1446 habebat,
494 1353 666 1451 itemque,
688 1354 765 1453 jure
787 1379 826 1428 ac
852 1353 992 1442 merito,
1016 1354 1198 1429 verborum
1222 1355 1416 1428 divinorum
1440 1356 1612 1454 Interpres
1639 1358 1807 1434 existebat

301 1469 556 1547 subtilissimus.
606 1473 713 1546 Hisce
745 1470 887 1570 quidem
917 1473 1079 1546 laudibus
1107 1481 1142 1547 et
1166 1473 1297 1572 ingenii
1325 1472 1465 1546 dotibus
1487 1477 1710 1572 conspicuus,
1736 1503 1805 1552 non

300 1588 398 1662 aliter
425 1590 565 1690 potuit,
609 1591 694 1688 quin
727 1591 805 1678 alii,
842 1591 879 1664 in
911 1591 986 1666 aliis
1023 1593 1255 1680 dioecesibus,
1294 1617 1467 1668 sacrorum
1505 1594 1695 1668 antistitem
1728 1621 1809 1668 eum

301 1717 469 1806 optarent.
520 1709 655 1807 Igitur,
691 1710 782 1784 intra
811 1699 950 1785 triennii
980 1711 1151 1810 spatium,
1189 1712 1293 1787 trium
1329 1712 1488 1799 urbium,
1528 1716 1656 1788 Goeace
1685 1739 1810 1812 nempe
1930 1695 1938 1707 ¹

302 1830 430 1900 Edamr'
464 1835 499 1900 et
531 1829 724 1904 Alcmoriaa
756 1829 807 1902 illi
843 1829 950 1918 cives,
989 1856 1032 1904 ex
1064 1831 1238 1930 religionis
1272 1830 1486 1904 Christianae
1519 1831 1738 1919 reformatae,
1773 1841 1813 1904 ut

303 1946 451 2032 dicitur,
485 1946 660 2045 principiis
695 1957 799 2046 atque
829 1950 1017 2048 praeceptis
1052 1950 1113 2048 qui
1139 1951 1255 2024 Deum
1280 1950 1458 2036 colebant,
1482 1950 1527 2023 ad
1552 1976 1680 2025 munus
1707 1952 1811 2025 eccle·

303 2065 478 2138 siasticum
500 2068 691 2164 gerendum
715 2091 795 2140 eum
819 2067 996 2142 vocabant.
1046 2067 1333 2143 Alcmariensium
1357 2067 1526 2156 voluntati
1549 2068 1809 2166 obtemperavit.

186 2253 190 2262 ,
302 2185 370 2269 lt,
396 2208 486 2256 anno
506 2185 664 2259 ,nondum
683 2185 927 2285 praeterlapso,
952 2187 1307 2284 Rheno-trajectinam
1328 2168 1530 2274 stabulm,
1557 2188 1623 2261 sibi
1642 2189 1812 2274 oblatam,

304 2302 442 2400 accepit.
494 2305 540 2376 llt
579 2329 684 2402 quam
716 2329 812 2378 coros
844 2304 1076 2404 ultrajectinus
1109 2305 1268 2379 habuerit
1303 2305 1475 2380 Ecclesiae
1506 2307 1632 2394 socios,
1666 2332 1813 2404 quorum

303 2421 464 2519 maguam
494 2423 733 2498 verecundiam
767 2431 803 2496 ct
831 2423 1005 2498 caritatem
1037 2424 1104 2498 sibi
1133 2425 1345 2512 conciliarat,
1377 2451 1420 2498 ex
1448 2449 1488 2498 eo
1516 2433 1632 2524 patet,
1658 2425 1751 2524 quod
1779 2427 1815 2498 in

303 2541 425 2615 urbem
443 2542 593 2616 ramlem
612 2544 741 2630 venire,
760 2543 806 2618 ad
823 2544 1006 2619 verborum
1018 2545 1212 2620 divinorum
1229 2544 1567 2643 interpretandorum
1585 2545 1816 2619 ministerium

303 2659 581 2758 suscipiendum,
606 2662 771 2749 noluerit,
796 2687 908 2761 neque
933 2669 1054 2738 tamen
1088 2663 1124 2736 in
1157 2664 1347 2738 Academia
1383 2664 1700 2763 Rheno-trajectinrl
1732 2667 1814 2738 Pro·

304 2779 439 2850 sessoris
459 2779 727 2854 Extraordinarii
743 2805 870 2853 munus
887 2781 1128 2867 honorificum,
1144 2781 1211 2853 sibi
1226 2781 1401 2868 oblatum,
1416 2783 1512 2854 obire
1528 2783 1644 2878 potius
1663 2783 1816 2856 voluerit.

305 2897 352 2966 At
381 2920 537 2969 recusare
568 2919 637 2968 non
666 2896 795 2992 potuit,
828 2921 929 2984 curn,
961 2921 1052 2970 anno
1082 2900 1195 2983 1829,
1220 2905 1418 2984 vocaretur,
1444 2907 1484 2971 ut
1510 2899 1593 2970 Viro
1619 2900 1818 2974 Clarissimo

305 3015 468 3084 Enncorr
497 3014 660 3098 Truoan,
696 3012 780 3084 dum
814 3013 950 3087 vivebat
981 3014 1019 3086 in
1048 3013 1236 3088 Academia
1257 3015 1481 3113 Groningand
1503 3016 1708 3116 Theologiae
1734 3019 1816 3092 Pro-

308 3129 426 3204 fessori
459 3130 658 3217 Ordinatio,
693 3130 898 3206 succederet.
948 3131 1062 3232 lgitur
1091 3132 1305 3232 Groningam
1336 3134 1443 3222 abiit,
1475 3141 1510 3208 et
1536 3159 1664 3210 munus
1688 3138 1818 3236 profes·

308 3250 438 3324 soriam
463 3249 651 3323 solenniter
666 3248 863 3346 auspicatus
881 3255 950 3336 cst,
976 3249 1032 3322 die
1054 3251 1100 3322 20
1121 3249 1300 3324 Februarii
1316 3260 1362 3326 a⁰.
1384 3254 1498 3340 1829,
1524 3253 1817 3356 habitdloratione

304 3372 345 3442 de
373 3371 599 3467 Eloquentiae
620 3383 748 3443 ramae·
763 3370 897 3443 namra.
949 3368 996 3441 Et
1031 3392 1093 3466 per
1129 3369 1199 3442 duo
1230 3369 1355 3458 lustra,
1394 3371 1522 3468 quibus
1556 3372 1593 3445 in
1629 3374 1818 3449 Academia

307 3486 530 3585 Groningami
564 3513 677 3562 sacrae
700 3487 899 3585 disciplinae
922 3495 1102 3586 praecepta
1128 3486 1290 3578 tradidit,
1315 3513 1396 3562 curn
1424 3483 1623 3588 praeceptor
1646 3501 1719 3565 erat
1742 3495 1817 3566 dili·
1874 3581 1876 3586 ,

306 3606 549 3705 gentissimus,
573 3605 759 3705 praeeundi
778 3612 814 3678 et
837 3603 1025 3703 adjuvandi
1047 3604 1219 3679 alacritate
1240 3607 1495 3704 paratissimus,
1519 3609 1815 3710 institutionisque

310 3724 500 3798 subtilitate
531 3735 565 3798 ct
601 3725 740 3824 egregit
771 3724 902 3800 ratione
935 3723 1266 3823 praestantissimus,
1301 3769 1350 3782 -
1385 3734 1463 3801 tum
1494 3752 1572 3809 roro
1602 3729 1819 3803 concionator
1963 3769 1967 3779 ·

306 3845 523 3920 academicus
545 3844 832 3943 spectatissimus,
856 3867 924 3918 usu
949 3869 1087 3943 quoque
1110 3852 1145 3918 et
1166 3844 1297 3944 ingenii
1318 3846 1459 3921 dotibus
1479 3847 1525 3921 ad
1549 3848 1611 3922 has
1626 3849 1815 3946 officiorum

307 3973 421 4060 partes
456 3962 642 4060 explendas
676 3963 891 4062 aptissimus,
926 3963 1072 4062 ideoque
1108 3964 1204 4038 urbis
1236 3964 1362 4064 pariter
1391 3991 1431 4040 ac
1455 3966 1662 4042 Academiae
1685 3967 1817 4040 civibus
1900 4017 1903 4026 ,

308 4081 371 4156 hoc
406 4082 544 4156 nominc
576 4082 780 4158 utihssimus
811 4091 846 4157 et
875 4083 1111 4182 gratissimus,
1136 4129 1184 4146 -
1212 4091 1289 4158 tum
1321 4084 1470 4184 denique
1493 4085 1689 4184 'theologus
1715 4087 1816 4158 meri·

308 4200 479 4286 tissimus,
525 4201 718 4284 indefessus
756 4202 818 4300 qui
854 4203 978 4277 studiis
1015 4201 1198 4302 vigilabat,
1216 4203 1503 4303 meditandoque
1540 4213 1575 4279 et
1611 4205 1816 4303 inquirendo

166 4335 175 4360 ⁹
308 4323 463 4396 animum
496 4321 608 4395 acrius
643 4321 866 4411 intendebat,
901 4321 1103 4422 scriptisque
1134 4322 1339 4400 doctissimis
1376 4325 1538 4413 edendis,
1569 4324 1607 4397 id
1630 4323 1725 4397 omni
1749 4347 1813 4420 ope
1937 4377 1942 4390 ,

309 4451 478 4536 praestare
508 4440 722 4531 enitebatur,
752 4451 812 4530 ut,
844 4442 890 4518 ad
916 4441 1142 4542 theologicam
1176 4442 1389 4543 disciplinam
1413 4442 1655 4544 perficiendam
1677 4449 1712 4516 et
1736 4465 1812 4540 pro·

311 4560 534 4647 movendam,
559 4561 640 4635 huic
659 4560 726 4660 ipsi
747 4562 876 4660 optime
899 4561 1039 4636 serviret
1064 4564 1106 4654 ¹).
1157 4561 1350 4640 Habitabat
1371 4563 1527 4663 inprimis
1546 4563 1582 4636 in
1601 4559 1810 4659 theologicae

351 4813 376 4890 ¹)
397 4815 460 4875 vid.
482 4821 634 4880 Amwtatio
654 4821 709 4880 111.
