4986 6200
709 716 757 788 '5²0
1292 713 1332 780 G.
1365 713 1394 779 J.
1430 709 1652 782 vnnnnu

763 924 862 1000 Haeo
899 923 1016 998 omnia
1049 921 1110 1020 qui
1143 917 1355 1008 consideret,
1392 919 1566 1020 hujusque
1602 916 1678 994 aevi
1704 915 1905 1016 ampliorem
1932 922 1967 990 et
1990 913 2229 1015 perfectiorem

713 1041 965 1145 cognitionem,
999 1040 1170 1142 imprimis
1205 1041 1242 1114 in
1278 1039 1469 1138 ‹dsciplinis
1499 1037 1771 1125 mathematicis,
1804 1059 1885 1111 oum
1906 1034 2075 1110 Veterum
2102 1033 2227 1108 notitia

714 1171 911 1264 comparet,
946 1185 1087 1237 oausam
1121 1161 1252 1261 ipsam,
1290 1162 1359 1259 qud
1389 1161 1491 1258 longe
1522 1160 1609 1234 adeo
1640 1157 1858 1254 maximeque
1881 1155 1949 1229 illis
1973 1153 2229 1242 antecellimus,

715 1283 816 1358 unice
860 1283 1005 1358 fortasse
1049 1281 1280 1379 quaerendam
1322 1279 1555 1368 existimabit,
1588 1279 1626 1353 in
1664 1277 1821 1352 idearum
1858 1275 2082 1350 notionumve
2119 1273 2232 1372 magis

714 1403 836 1481 enecti
855 1401 1003 1490 ratione,
1025 1400 1226 1501 praesertim
1246 1406 1363 1474 autem
1378 1398 1415 1472 in
1433 1398 1621 1472 eorundem
1637 1395 1774 1496 largiori
1790 1395 1907 1494 capii,
1929 1393 2230 1493 quandoquidem,

715 1521 761 1596 ob
787 1521 940 1619 ipsarum
972 1519 1146 1594 delectum
1168 1526 1204 1593 et
1225 1524 1464 1618 paupertatem
1490 1541 1529 1592 ac
1551 1516 1726 1616 inopiam,
1751 1515 1892 1590 humilis
1915 1521 2093 1612 tantopere
2116 1513 2230 1612 pristi-

714 1665 781 1714 nus
814 1640 883 1713 luit
918 1639 1178 1739 disciplinarum
1210 1646 1343 1725 status,
1377 1637 1596 1736 plurimaque
1620 1636 1783 1724 deerant,
1810 1635 1938 1733 quibus
1961 1635 2149 1736 erigeretur
2171 1641 2231 1708 aut

595 1773 604 1782 ‘
714 1765 903 1833 ornaretur.
953 1759 1206 1833 Incredibiliter
1231 1765 1349 1860 eutem
1375 1757 1440 1832 etsi
1461 1755 1609 1831 adaucta
1630 1755 1806 1854 cogitandi
1828 1753 2126 1854 cognoscendique
2157 1739 2228 1828 ma·

714 1878 839 1966 teries,
875 1877 996 1952 eadem
1021 1878 1176 1978 undique
1208 1878 1274 1952 etsi
1307 1877 1422 1951 adlata
1455 1884 1491 1950 et
1513 1875 1645 1975 ubique
1664 1875 1738 1974 jam
1760 1875 2016 1974 quodammodo
2037 1880 2233 1972 comparata

715 1999 898 2085 offeratur,
924 2005 1088 2094 ,attamen
1121 1997 1296 2097 cogitandi
1333 1998 1442 2070 torma
1475 1995 1632 2095 ratioque
1664 2019 1734 2069 nou
1766 2001 1920 2071 mutatae
1951 2001 2042 2068 sunt.
2092 1993 2232 2068 Etenim

714 2141 777 2192 neo
814 2117 960 2216 percipit
994 2117 1093 2190 aliter
1122 2117 1229 2191 animi
1265 2141 1384 2204 mens,
1424 2139 1488 2190 nee
1522 2117 1621 2190 aliter
1653 2115 1828 2214 cognoscit
1859 2113 2080 2213 judicatque,
2105 2122 2150 2220 ¹et
2186 2114 2230 2188 ab

715 2261 827 2312 errore
859 2237 1017 2311 nondum
1044 2243 1125 2318 ‚tuto
1152 2244 1215 2312 ast.
1266 2236 1452 2336 Cogitandi
1479 2236 1666 2335 principia,
1692 2243 1734 2309 ut
1756 2241 1901 2308 naturae
1924 2234 2037 2332 leges,
2063 2233 2107 2307 ab
2136 2234 2229 2308 omni

715 2356 797 2430 inde
830 2363 985 2456 tempore
1018 2357 1139 2432 eadem
1167 2356 1325 2444 luerunt,
1358 2379 1422 2430 neo
1447 2355 1648 2455 perfectiora
1676 2355 1848 2442 eristunt3
1880 2354 1965 2428 haec
1988 2353 2084 2428 haud
2108 2353 2232 2427 melius

718 2475 917 2573 sequimur,
942 2497 1005 2550 nec
1026 2471 1254 2575 cognoscendi
1275 2476 1474 2575 sciendique
1496 2474 1686 2574 praeceptis
1709 2475 1833 2549 melius
1855 2473 2060 2572 pleniusque
2081 2473 2233 2560 utimur,

717 2595 781 2669 sed
818 2603 936 2670 contra
966 2593 1004 2669 in
1035 2597 1099 2671 hoc
1133 2597 1230 2696 ipso,
1266 2597 1334 2670 nisi
1362 2621 1501 2695 peccare
1533 2595 1709 2669 interdum
1738 2594 1851 2696 magis
1876 2617 1983 2693 quam
2009 2592 2169 2680 Veteres,
2194 2601 2231 2666 at

717 2723 809 2788 certe
849 2715 967 2788 minus
1000 2739 1106 2814 quam
1134 2716 1203 2806 illi,
1238 2716 1422 2814 minusque
1449 2733 1555 2816 quam
1582 2714 1701 2802 decet,
1735 2715 1781 2788 ad
1806 2714 1895 2789 illud
1917 2715 2035 2813 ipsum
2059 2711 2259 2822 attendere.

716 2833 884 2908 videmur.

766 2952 844 3024 Etsi
873 2952 983 3049 igitur
1006 2961 1140 3026 tantam
1163 2977 1302 3051 operam
1328 2963 1364 3027 et
1391 2954 1622 3040 industriam,
1646 2961 1761 3025 tantos
1784 2959 1946 3038 conatus,
1974 2959 2033 3025 tot·
2052 2958 2236 3048 tantosque

717 3077 861 3144 eventus
894 3068 1013 3141 mirari
1045 3069 1234 3156 debemus,
1271 3085 1389 3143 tamen
1422 3069 1459 3142 in
1498 3069 1618 3142 multis
1658 3068 1847 3141 multorum
1884 3069 2237 3166 pervestigationibus

718 3185 851 3284 aliquid
889 3185 1006 3258 minus
1041 3184 1130 3258 bene
1157 3185 1305 3274 lactum,
1341 3211 1410 3260 non
1436 3187 1519 3260 satis
1541 3185 1783 3274 observatum,
1807 3185 1875 3258 nisi
1899 3185 2015 3283 potius
2035 3185 2235 3284 neglectum

719 3327 794 3377 esse
828 3301 975 3376 videtur.
1036 3301 1139 3375 Subit
1175 3327 1327 3403 namque
1359 3305 1540 3410 cogitatio,
1576 3305 1619 3379 de
1652 3329 1780 3404 magno
1813 3305 1872 3378 illo
1907 3327 2022 3378 rerum
2052 3305 2235 3392 thesemo,

720 3447 792 3521 quo
831 3423 973 3521 quidem
1008 3421 1148 3520 largiter
1183 3447 1304 3499 sumus
1340 3425 1558 3524 locupletati,
1597 3431 1689 3499 recte
1723 3425 1979 3524 prudenterque
2012 3423 2142 3496 utendo
2152 3456 2166 3512 ;¹
2199 3432 2234 3496 et

719 3543 876 3642 quaestio
899 3541 1028 3630 oritur,
1052 3565 1139 3616 num
1162 3542 1238 3642 ipsa
1262 3544 1517 3642 pervestigandi
1544 3543 1830 3641 inveniendique,
1856 3553 1917 3617 aut
1943 3541 2174 3642 pertractandi
2198 3551 2232 3616 et

720 3654 953 3760 amplificandi
985 3661 1072 3735 ratio
1105 3663 1150 3735 sit
1181 3659 1275 3761 justa
1307 3664 1476 3762 firmaque
1510 3669 1546 3738 et
1583 3663 1736 3750 stabilis,
1773 3685 1886 3762 neque
1921 3661 2055 3738 diversa
2092 3661 2137 3737 ab
2173 3663 2231 3737 illt

719 3781 884 3855 methodo
917 3784 1029 3869 certi,
1065 3784 1134 3878 qut
1173 3783 1363 3872 utendum,
1403 3807 1582 3883 quaeque,
1620 3781 1657 3856 in
1698 3805 1777 3866 vero
1813 3781 2031 3881 indagando,
2066 3787 2232 3880 perpetuo

721 3899 921 3975 adhibenda
953 3902 1032 3974 est?
1095 3902 1245 3977 Nullane
1280 3903 1387 4002 igitur
1420 3903 1504 3977 vitia
1545 3904 1692 3988 lateant,
1729 3908 1885 4000 partesve
1923 3901 2039 3976 nullae
2074 3903 2231 3975 infirmae

721 4019 940 4120 debilesque,
970 4021 1039 4095 nisi
1069 4045 1212 4121 aegrae,
1246 4023 1400 4098 celentur
1424 4023 1490 4098 sub
1512 4023 1653 4122 pulchra
1677 4021 1735 4095 illd
1761 4020 2099 4122 speciosissimtque‚
2125 4043 2230 4120 quam

721 4140 969 4238 spectavimus,
1003 4141 1260 4240 disciplinarum
1300 4143 1621 4218 mathematicorum
1656 4141 1792 4216 formal
1851 4141 1965 4239 Igitur
1999 4165 2086 4216 num
2117 4163 2230 4215 veram

718 4259 809 4333 viam
840 4267 1029 4358 sequantur
1061 4269 1221 4360 recteque
1251 4262 1458 4362 procedant,
1493 4262 1556 4362 qui
1582 4263 1814 4362 cognitionem
1843 4259 2045 4350 emendare,
2070 4259 2232 4360 perficere

720 4387 755 4455 et
775 4381 984 4481 amplificare
1002 4381 1164 4471 student,
1188 4383 1317 4471 idest,
1344 4383 1373 4457 si
1392 4385 1437 4457 ad
1454 4381 1595 4458 rationis
1612 4405 1768 4457 normam
1785 4379 2001 4468 examinent,
2023 4387 2231 4479 pertractent

594 4583 597 4589 ,
719 4507 755 4574 et
782 4500 949 4588 efficiant,
975 4500 1060 4598 quid
1081 4503 1328 4602 pervestigare,
1353 4525 1575 4602 componere,
1600 4523 1782 4588 exacuere,
1807 4513 1861 4587 et,
1887 4525 2069 4599 quousque
2095 4507 2229 4598 potest,

719 4617 894 4725 absolvere
933 4616 999 4691 sibi
1033 4620 1298 4718 proposuerint?
1348 4621 1439 4695 Tum
1469 4645 1547 4694 vero
1577 4621 1724 4708 multos,
1756 4621 1810 4694 vel
1832 4619 2048 4694 acutissimos
2070 4619 2233 4719 quidem,

671 4777 674 4782 ·
719 4738 977 4836 progredientes
1008 4739 1186 4846 videmus,
1220 4741 1388 4838 pluraque
1422 4741 1711 4839 pervestigantes,
1748 4748 1784 4813 et
1815 4764 1904 4814 nova
1931 4739 2164 4827 invenientes,
2194 4745 2230 4812 at

720 4879 834 4930 veram
865 4859 956 4935 viam
981 4861 1076 4936 haud
1105 4885 1180 4936 raro
1214 4859 1466 4959 relinquentes,
1490 4851 1570 4936 oum
1595 4860 1640 4935 ad
1662 4860 1773 4958 ipsam
1793 4859 2021 4960 cognoscendi
2042 4859 2230 4944 rationem,
