4874 6182
707 677 772 742 110
1267 675 1300 742 F.
1334 672 1367 740 C.
1403 605 1683 740 DONDERS·

707 887 958 960 observatorem
977 877 1236 976 disciplinarum
1254 878 1473 978 physicarum
1497 879 1654 954 studium
1673 877 1886 978 requiritur?
1934 879 2025 968 Res,
2051 879 2088 952 ni
2103 880 2219 969 fallor,

708 1013 761 1080 est
781 1005 817 1078 in
835 1009 963 1102 aperto.
1013 1000 1065 1072 Ut
1084 998 1297 1074 observando
1313 999 1492 1074 observare
1510 1001 1714 1108 doceamur,
1739 999 1828 1072 clarc
1852 1004 1968 1096 patere
1990 1006 2146 1097 oportet,
2171 1025 2216 1074 an

708 1133 798 1200 recte
828 1107 1048 1197 observatum
1077 1118 1181 1193 luerit
1212 1143 1329 1193 necne.
1390 1120 1496 1197 Quod
1523 1119 1675 1220 patebit,
1711 1117 2006 1216 quotiescunque,
2031 1120 2220 1217 perspectis

707 1243 862 1343 legibus,
895 1241 1041 1340 cognitis
1080 1238 1194 1312 causis
1225 1247 1260 1312 et
1289 1239 1612 1327 consecutionibus,
1646 1236 1871 1336 experimenti
1895 1235 2047 1310 instituti
2074 1238 2218 1313 effectus

706 1361 936 1462 praedicimus
971 1367 1006 1433 et
1041 1358 1259 1452 confirmatos
1294 1357 1474 1431 habemus.
1524 1359 1571 1430 Et
1596 1357 1645 1431 ito
1670 1357 1745 1430 fieri
1773 1355 1809 1428 in
1835 1355 2024 1454 disciplinis
2048 1358 2217 1456 physicis,

706 1481 881 1556 neminem
913 1479 1008 1553 latet.
1062 1476 1126 1550 Vix
1157 1484 1274 1562 autem
1307 1475 1393 1574 quid
1427 1500 1566 1564 verum,
1602 1477 1689 1573 quid
1717 1475 1842 1549 falsum
1876 1474 1983 1548 sitin
2006 1475 2221 1552 observando

707 1609 768 1676 eut
797 1597 1033 1698 concludendo
1065 1595 1235 1670 enucleari
1264 1603 1397 1693 potest,
1432 1595 1493 1668 ubi
1525 1603 1643 1670 tantus
1677 1619 1859 1670 causarum
1887 1603 1922 1668 et
1947 1601 2217 1694 symptomatum

675 1718 904 1816 ‚complexus
945 1716 1064 1808 adest,
1099 1721 1250 1812 quantus
1290 1716 1326 1787 in
1362 1713 1501 1788 homine
1533 1740 1637 1814 aegro
1675 1715 1843 1802 occurrit,
1879 1715 2113 1812 experimento
2148 1741 2217 1790 non

706 1836 950 1936 sejungendus.
1001 1835 1058 1908 Sic
1089 1833 1189 1908 nohis
1224 1834 1340 1908 insciis
1372 1833 1475 1907 fallax
1506 1835 1699 1908 observatio
1733 1859 1808 1909 1111
1838 1841 1971 1933 potest,
2007 1859 2077 1932 quo
2105 1836 2144 1908 fit
2176 1845 2218 1909 ut

706 1957 907 2032 hallucinari
930 1954 1045 2053 potius
1069 1977 1175 2052 quam
1199 1952 1380 2027 ohservare
1405 1953 1599 2028 doceamur.

754 2075 923 2174 Quisquis
956 2098 1070 2149 rerum
1102 2081 1262 2147 naturam
1297 2071 1443 2170 experiri
1477 2097 1550 2148 rem
1577 2074 1711 2148 facilem
1741 2081 1776 2148 et
1797 2055 1897 2172 quasi
1923 2074 2078 2146 innatam
2100 2073 2219 2162 ducit,

707 2221 787 2269 eum
824 2221 844 2268 a
885 2202 976 2268 recte
1009 2193 1220 2292 experiundo
1254 2199 1290 2265 et
1327 2192 1556 2266 observando'
1572 2195 1691 2292 procul
1727 2194 1861 2268 habete.
1924 2194 1971 2266 ut
2004 2192 2099 2266 nulla
2135 2217 2218 2268 sane

704 2301 895 2387 observatio
926 2312 1094 2386 difficilior
1121 2319 1174 2386 est
1199 2335 1303 2408 quam
1327 2311 1405 2400 1111,
1430 2337 1520 2410 quae
1546 2313 1635 2387 circa
1665 2313 1838 2388 hominem
1870 2318 2043 2399 versatur,
2066 2337 2217 2410 praeser·
2288 2360 2296 2373 κ

704 2433 767 2506 tim
801 2433 890 2506 circa
925 2431 1101 2505 hominem
1130 2457 1151 2506 a
1184 2455 1305 2504 norma
1341 2430 1575 2520 aberrantem,
1610 2457 1767 2531 quaeque
1809 2457 1878 2506 non
1915 2431 2122 2506 anatomiam
2155 2439 2217 2506 aut

703 2551 953 2652 physiologiam
1000 2557 1061 2624 aut
1106 2551 1363 2649 pathologiam,
1408 2551 1469 2626 sed
1514 2555 1712 2626 uuiversum
1753 2551 1992 2650 complectitur
2025 2551 2215 2626 hominem.

704 2671 783 2744 Hoc
806 2670 1017 2744 medicorum
1041 2677 1111 2758 est,
1137 2695 1285 2769 quorum
1308 2695 1455 2760 111111,
1481 2679 1522 2744 11
1544 2678 1623 2770 apte
1646 2679 1682 2746 et
1705 2673 1880 2772 eleganter
1897 2695 2004 2770 nuper
2023 2670 2219 2768 disputavit

703 2789 853 2864 maxime
887 2789 1103 2863 venerandus
1134 2791 1264 2891 collega
1288 2792 1654 2890 Lugduno·Batavus,
1686 2792 1722 2866 in
1746 2791 2025 2891 anthropologiae,
2048 2789 2221 2863 latissimo

704 2933 824 2996 sensu,
859 2915 1022 2982 versatur.
1083 2908 1172 2985 Quis
1206 2918 1323 2984 autem
1354 2911 1528 2986 hominem
1553 2911 1836 3010 interpretabitur
1856 2911 1923 2986 nisi
1948 2917 2092 2984 naturae
2112 2908 2220 2982 inter·

626 3033 628 3038 ’
702 3029 808 3128 pres?
868 3025 1024 3122 Physicis
1059 3027 1224 3100 doctrinis
1268 3029 1336 3102 nisi
1375 3030 1531 3104 imbutus
1566 3031 1631 3118 sit,
1668 3031 1705 3104 in
1740 3031 1816 3106 basi
1848 3029 2028 3105 vacillante
2061 3027 2219 3101 insistere

702 3154 880 3232 assuetus,
914 3144 999 3217 certi
1032 3151 1067 3216 et
1099 3143 1219 3252 incerti
1257 3171 1397 3222 sensum
1432 3175 1571 3248 prorsus
1605 3150 1762 3224 amittere
1796 3151 1951 3224 medicus
1989 3147 2207 3246 periclitatur.

704 3263 787 3338 Illas
822 3261 1019 3360 disciplinas
1046 3269 1126 3335 ante
1154 3264 1270 3337 oculos
1297 3265 1442 3354 habeat,
1475 3277 1641 3366 tanquam
1669 3267 1860 3367 exemplar,
1886 3266 1922 3339 in
1945 3266 2047 3364 cujus
2070 3263 2212 3338 formam

703 3383 824 3482 praxin
849 3382 1018 3456 medicam
1045 3381 1199 3480 redigere
1225 3385 1371 3459 studeat.

751 3502 854 3577 Hanc
888 3502 1133 3601 generaliorem
1172 3502 1428 3601 disciphnarum
1458 3503 1676 3603 physicarum
1711 3503 1894 3578 utilitatem
1928 3499 2215 3602 praemittendam

703 3622 843 3718 putavi,
877 3627 999 3719 utpote
1022 3621 1131 3694 rarius
1157 3621 1220 3695 suo
1245 3623 1355 3720 pretio
1377 3623 1601 3699 aestimatam.
1654 3624 1724 3697 Sed
1751 3623 1934 3711 11111111,
1965 3645 2057 3719 quae
2083 3619 2217 3693 medico

703 3763 760 3814 111
797 3739 904 3837 probe
938 3746 1054 3812 tencre
1089 3741 1345 3838 praescribunt,
1378 3765 1528 3816 111111
1557 3723 1681 3841 rugia'
1709 3743 1893 3840 Reputetis
1916 3741 2114 3826 vobiscum,
2138 3739 2233 3810 111.

707 3859 835 3932 ditores
870 3858 1171 3933 aestumatissimil
1218 3861 1426 3958 quibusnam
1473 3861 1508 3934 in
1545 3861 1649 3935 rebus
1681 3859 1902 3935 observandis
1936 3865 2090 3932 versetur
2122 3853 2215 3954 aegri

705 3979 937 4052 conditionem
962 3978 1162 4075 dignoscere
1187 3985 1222 4051 et
1243 3977 1433 4075 intelligere
1458 3978 1611 4054 studens.
1662 3979 1795 4052 Suntne
1817 3977 2053 4076 phaenomena
2076 3974 2216 4074 physica

704 4103 740 4169 et
771 4095 941 4204 chemise,
976 4097 1137 4195 physicae
1160 4097 1404 4195 proprietates,
1435 4096 1588 4171 chemica
1607 4098 1830 4196 compositio,
1857 4103 1982 4170 suntne
2005 4092 2214 4179 anatomica,

703 4215 955 4314 physiologica,
981 4216 1432 4315 contamino-pathologica?
1481 4217 1723 4290 Inserviuntne
1752 4207 1982 4291 observationi
2014 4215 2133 4290 eadem
2159 4212 2212 4286 in·

705 4342 913 4422 strumenta,
935 4335 1075 4408 eaedem
1098 4335 1269 4422 methodi,
1295 4335 1423 4432 quibus
1437 4333 1588 4433 physici,
1608 4336 1768 4424 chemici,
1792 4333 1985 4436 physiologi
2005 4335 2057 4408 uti
2077 4333 2215 4406 solent?

705 4453 840 4527 Suntne
873 4453 956 4526 haec
989 4451 1217 4527 instrumenta
1251 4461 1286 4528 et
1315 4454 1379 4527 hae
1412 4455 1586 4542 methodi,
1621 4455 1748 4552 quibus
1773 4455 1896 4529 certior
1919 4455 2118 4551 firmiorque
2144 4453 2214 4526 dia·

703 4574 837 4670 gnosis,
863 4573 1004 4646 interior
1025 4573 1231 4647 conditionis
1255 4573 1433 4647 morbosae
1458 4574 1629 4671 segnitie,
1653 4575 1844 4648 debeatur?
1894 4573 1985 4652 Quis
2009 4573 2104 4647 enim
2130 4571 2217 4644 adeo

702 4691 894 4767 imbecillus
927 4701 1000 4780 est,
1035 4700 1076 4765 11
1109 4693 1225 4766 divino
1250 4693 1365 4791 potius
1390 4692 1508 4767 afflatu
1532 4719 1637 4790 quam
1666 4693 1785 4766 sedula
1809 4691 2073 4791 investigatione
2095 4688 2211 4765 condi·

705 4811 832 4886 tionem
851 4813 1045 4886 morbosam
1067 4811 1274 4894 intellectam
1296 4837 1370 4887 esse
1389 4813 1607 4911 suspicetur?
1656 4812 1877 4911 Quicumque
1900 4812 2072 4902 medicus,
2094 4829 2217 4884 sensus
