4986 6200
1286 678 1408 746 ACTA
1440 681 1491 745 ΙΝ
1520 678 1721 746 SENATU.

972 882 1121 956 Senatus
1166 881 1360 983 designavit
1401 892 1550 986 quatuor
1585 885 1817 972 Professores,
1854 905 2003 982 quorum
2039 884 2180 958 uomina
2219 885 2266 958 sd

919 1001 1054 1100 Regem
1093 1000 1307 1093 deferentur,
1353 1014 1393 1080 ut
1433 1006 1515 1080 inde
1549 1004 1585 1079 in
1623 1004 1818 1103 proximum
1858 1026 1989 1077 annum
2024 1002 2264 1078 academicum

919 1118 1025 1220 eligat
1048 1120 1233 1197 Rectorem
1255 1124 1503 1223 Magnificum,
1527 1123 1629 1197 Viros
1654 1121 1887 1198 Clarissimos:

1307 1288 1346 1362 T.
1373 1290 1416 1363 G.
1442 1287 1476 1364 J.
1502 1287 1712 1376 Jcrrsom,

1306 1409 1346 1488 R
1373 1409 1416 1482 G.
1441 1408 1634 1495 Ksmcss,

1306 1527 1341 1602 S.
1367 1527 1589 1616 Vrssmursa⁸

1303 1645 1337 1722 J.
1363 1646 1414 1723 H.
1439 1648 1643 1722 Seremus.

851 1831 853 1836 ·
920 1805 1124 1896 Candidati,
1142 1833 1161 1882 e
1178 1808 1307 1907 quibus
1324 1808 1512 1884 Aetuarius
1528 1816 1677 1895 creetur,
1694 1805 1866 1905 designati
1885 1813 1966 1880 sunt
1980 1805 2055 1878 Viri
2073 1803 2267 1878 Clarissimi

1305 1973 1350 2047 G.
1376 1973 1414 2047 J:
1435 1973 1617 2060 Vusnsu,

1301 2092 1341 2166 T.
1368 2093 1412 2165 G.
1438 2090 1472 2166 J.
1498 2091 1709 2178 Jurusoss,

1300 2211 1334 2286 J.
1362 2234 1410 2284 rur
1434 2209 1550 2298 Wss,

1299 2331 1342 2402 A.
1368 2329 1410 2404 E.
1437 2329 1556 2402 Sruou
1580 2329 1746 2403 usoms.

745 2513 813 2587 Die
871 2521 893 2590 2
917 2515 1106 2594 Februarii.
1158 2521 1284 2596 Lectae
1304 2529 1386 2596 sunt
1403 2523 1520 2598 literae
1539 2525 1763 2609 Gurstorum,
1787 2517 1915 2618 quibus
1937 2515 2081 2591 Senatui
2096 2515 2265 2590 nuncient

916 2637 1212 2717 luctuosissimum
1226 2641 1362 2718 obitum
1378 2642 1455 2716 Viri
1467 2641 1685 2718 Nobilissimi
1699 2647 1735 2716 et
1748 2637 1967 2738 Amplissimi
1982 2636 2031 2711 H.
2048 2635 2081 2710 J.
2096 2635 2265 2710 Brsorus

916 2779 992 2831 vsu
1014 2757 1150 2834 Doomr
1174 2783 1249 2836 vsu
1272 2761 1565 2838 Wssrxsrmuu.

966 2951 1067 3025 Aliae
1088 2952 1277 3026 recitantur
1301 2955 1418 3028 literae
1441 2959 1669 3041 cirratorum,
1693 2953 1887 3027 adferentes
1912 2951 2102 3024 Decretum
2129 2949 2270 3048 regium

916 3067 951 3141 d.
990 3070 1037 3138 30
1069 3068 1273 3142 Decembris
1307 3095 1338 3143 a.
1376 3074 1490 3159 1852,
1528 3095 1598 3170 quo
1635 3070 1699 3142 Vir
1735 3067 1966 3142 Doctissimus
2003 3074 2038 3140 et
2072 3067 2270 3165 plurimum

918 3183 1359 3291 venerandus-Amores
1383 3189 1627 3276 Nrrsuursr,
1650 3185 1856 3284 Theolcgise
1881 3185 2010 3258 Doctcr
2032 3191 2067 3257 et
2089 3185 2269 3260 Ecclesiae

921 3299 1123 3378 reformatae
1153 3303 1292 3392 Pastor,
1327 3305 1504 3382 Professor
1535 3314 1670 3382 creatur
1705 3306 1743 3380 in
1774 3305 1853 3380 Fae.
1886 3301 2003 3378 Theoi
2034 3300 2267 3389 Ordiuarius,

918 3444 1049 3495 munus
1081 3445 1161 3497 vero
1189 3422 1394 3499 Professoris
1424 3412 1712 3514 Extracrdirierii,
1745 3427 1783 3501 in
1809 3422 1932 3497 eidem
1956 3419 2155 3506 Facultates,
2182 3443 2266 3492 cou-

917 3539 1027 3616 fertur
1059 3541 1097 3614 in
1130 3539 1255 3640 Virum
1285 3541 1537 3622 Doctissimum
1569 3545 1814 3622 Assiusucu
1845 3542 2020 3629 Komar,
2058 3537 2267 3638 Theologiee

917 3657 1104 3734 Ductorem
1128 3665 1164 3734 ef
1186 3661 1389 3762 Interprstis
1412 3665 1537 3764 Legati
1559 3663 1777 3740 Wameriani
1799 3661 2016 3760 Adjutorem.

849 3871 857 3878 ·
967 3851 1148 3928 Recitatur
1186 3853 1295 3954 Regis
1332 3858 1509 3933 decretum
1538 3857 1608 3931 diei
1638 3859 1685 3929 26
1720 3880 1768 3930 m.
1793 3853 1951 3928 Jcnuarii
1982 3879 2026 3960 a.
2045 3853 2159 3938 1853,
2192 3873 2262 3947 quc

918 3970 1127 4046 Academiae
1159 3971 1287 4049 Rectcr
1321 3976 1532 4076 Magnificus
1568 3975 1605 4048 in
1638 3973 1835 4074 proximum
1872 3997 2003 4048 annum
2033 3975 2167 4046 creatur
2198 3967 2261 4040 Vir

921 4089 1141 4188 Clarissimus
1166 4093 1391 4172 hroccucs
1416 4097 1648 4172 Gcmmmrus
1673 4093 1839 4168 Jcssrrss
1863 4093 2066 4168 Jurrrsom.

968 4284 1108 4360 Rectcri
1131 4285 1248 4364 futuro
1271 4290 1472 4366 Asscsscres
1496 4289 1754 4366 constituuntur
1776 4288 1852 4364 Viri
1877 4285 2067 4363 Clarissimi
2102 4289 2106 4294 '

1301 4453 1354 4552 Η.Ι
1379 4453 1656 4542 Hsmrsrsm,
1680 4452 1781 4530 Jcsr.
1806 4454 1905 4542 ms,

1302 4573 1350 4648 H.
1377 4571 1500 4662 Cocx,

1301 4693 1348 4766 N.
1375 4691 1556 4781 O.K1sr,

1303 4813 1343 4888 F.
1370 4811 1526 4887 Ksrsrs.
