4874 6182
772 627 1134 754 ''oarrro
1689 691 1751 758 109

235 895 398 970 tribuere.
449 893 568 968 Nolim
604 917 707 981 vero,
742 893 897 970 methodi
931 895 1127 972 numerioae
1161 895 1290 983 dictae,
1315 893 1414 993 cnjus
1441 915 1599 968 summus
1630 901 1748 969 auctor
1825 915 1830 922 ·

235 1013 374 1090 Parisiis
409 1013 546 1101 floruit,
580 1013 632 1088 01.
655 1013 782 1104 Iouis,
807 1013 1021 1090 laudatorem
1044 1038 1100 1088 me
1122 1013 1258 1088 haberi:
1284 1014 1537 1089 ohservationes
1561 1012 1654 1088 enim
1678 1030 1748 1088 non

235 1133 467 1210 numerandae
497 1132 630 1220 solum,
666 1132 728 1206 sed
759 1132 1018 1231 ponderandae,
1052 1139 1086 1206 et
1114 1131 1212 1207 facile
1233 1132 1292 1207 illa
1323 1133 1507 1208 methodus
1540 1132 1585 1206 ad
1615 1117 1779 1232 experi'

236 1261 354 1328 manto
383 1251 569 1326 adduceret
599 1249 729 1328 illicita.
778 1251 856 1326 Hoc
886 1275 997 1325 unum
1030 1251 1128 1338 volo,
1162 1251 1206 1324 ab
1233 1251 1328 1324 omni
1350 1251 1480 1325 theoria
1506 1250 1605 1325 liberi
1626 1251 1747 1325 'sedulo

236 1379 377 1459 notent,
412 1377 614 1458 numerent,
649 1378 870 1470 comparent,
904 1372 1119 1471 perpendant
1157 1394 1302 1445 casuum
1340 1370 1505 1444 similium
1540 1372 1745 1461 decursum,

236 1491 391 1579 exitum,
427 1491 528 1564 variis
560 1489 720 1564 remediis
752 1515 774 1564 a
804 1489 949 1590 singulis
971 1489 1239 1577 administratis,
1265 1488 1365 1562 variis
1389 1488 1455 1561 snb
1480 1489 1744 1566 conditionibus.
1768 1489 1773 1502 ’

237 1611 362 1689 Quivis
398 1609 469 1684 fere
505 1609 676 1707 practicus
715 1633 814 1682 suam
849 1610 993 1684 curandi
1032 1609 1234 1684 methodum
1276 1608 1402 1694 habet,
1440 1607 1484 1680 ab
1515 1606 1600 1694 illa,
1641 1633 1746 1706 qoam

237 1727 426 1826 discipulus
457 1728 580 1800 doctus
611 1733 685 1814 est,
720 1725 821 1824 longe
850 1750 951 1824 saepe
976 1725 1155 1800 diversam.
1204 1725 1330 1800 Differt
1351 1727 1468 1824 itaque
1492 1725 1612 1798 multis
1638 1726 1747 1800 nomi·

236 1845 340 1920 nibus
359 1846 396 1918 in
417 1845 558 1918 diversis
576 1843 780 1918 nosocomiis
801 1844 930 1919 similes
954 1845 1098 1920 curandi
1123 1869 1242 1943 aegros
1264 1845 1458 1920 methodus.
1498 1843 1746 1942 Unusquisque

237 1987 356 2052 suam,
382 1988 488 2062 quam
509 1963 686 2062 sequitur,
711 1963 914 2038 methodum
932 1965 1099 2062 optimam
1117 1965 1233 2040 habet.
1283 1965 1445 2064 Singulas
1465 1971 1582 2038 autem
1603 1963 1747 2063 singulis

236 2106 306 2156 non
325 2082 541 2180 praevalere,
567 2081 604 2154 in
623 2087 741 2180 aperto
771 2089 837 2158 est.
887 2083 1137 2182 Resjudicatu
1159 2083 1325 2159 difficilis!
1377 2083 1446 2157 Sed
1471 2107 1613 2182 campus
1634 2091 1748 2181 patet,

238 2225 343 2300 quem
368 2201 512 2299 empiria
535 2199 766 2300 aggrediatur.

284 2320 363 2395 Hac
397 2345 468 2395 una
511 2319 566 2394 via
601 2343 746 2417 praxeos
781 2321 943 2396 medicae
968 2319 1195 2398 fundamenta
1225 2321 1388 2422 probatae
1427 2323 1509 2396 fidei
1542 2329 1747 2412 nascuntur,

236 2463 345 2537 aeque
384 2440 484 2514 firma
518 2463 558 2512 ac
594 2463 657 2526 ea,
691 2437 819 2537 quibus
851 2441 1051 2540 disciplinae
1083 2441 1194 2516 variae
1224 2441 1388 2540 gaudent.
1438 2441 1631 2516 Rationalis
1656 2443 1749 2516 enim
1786 2412 1790 2446 ⁴

237 2557 392 2656 therapio
425 2556 623 2656 empiricam
657 2557 821 2632 nonnisi
855 2559 953 2657 sequi
983 2565 1113 2659 potest,
1143 2581 1257 2655 neque
1286 2557 1370 2632 haec
1396 2558 1441 2632 ad
1465 2583 1541 2632 eam
1565 2559 1639 2657 jam
1673 2585 1748 2659 per·
1891 2551 1895 2560 ’

236 2678 418 2752 lectionem
442 2677 547 2752 ducta
570 2683 642 2764 est,
667 2684 708 2749 ut
727 2677 820 2751 illins
843 2677 1015 2752 condendi
1035 2685 1178 2751 conatus
1200 2701 1269 2750 non
1289 2676 1522 2775 intempestivi
1545 2677 1747 2753 habeantur.

236 2796 403 2870 Peccator
435 2795 553 2893 itaque
588 2795 624 2867 in
655 2819 696 2868 co
732 2796 826 2893 qnod
855 2795 1072 2870 necessitudo
1103 2795 1280 2869 scientiam
1306 2789 1395 2870 inter
1419 2803 1454 2869 et
1475 2803 1584 2869 artem
1603 2796 1749 2896 jamjam

236 2914 394 3010 quaesita
418 2914 479 3002 sit,
505 2912 567 2986 ubi
591 2913 648 2986 vix
672 2913 765 2988 ullus
789 2915 856 3014 ipsi
881 2915 983 2990 datur
1007 2915 1113 2989 locus.

285 3031 455 3106 Mirantes
479 3030 640 3129 equidem
666 3056 745 3120 vos,
782 3057 902 3132 graves
939 3034 1133 3108 auditores!
1160 3033 1332 3132 adspicio,
1363 3057 1420 3108 me
1445 3035 1606 3109 scientiae
1638 3035 1749 3134 magia

236 3173 343 3247 quam
365 3149 448 3224 artis
469 3149 636 3223 cultorem
660 3151 947 3224 necessitudinem
976 3150 1166 3248 therapium
1190 3151 1280 3242 inter
1308 3160 1343 3225 et
1367 3151 1564 3248 disciplinas
1597 3153 1748 3227 medicas

236 3265 305 3343 sere
330 3269 492 3368 repellere
516 3276 551 3342 et
573 3269 735 3368 empiriae
762 3269 914 3344 medicae
938 3269 1152 3344 laudatorem
1173 3269 1325 3344 exstare!
1376 3269 1499 3348 Quid?
1548 3271 1606 3345 An
1631 3269 1661 3343 is
1685 3295 1749 3369 ego

201 3421 204 3426 ·
238 3388 324 3475 sim,
359 3387 420 3484 qni
451 3387 708 3486 disciplinarum
745 3389 964 3487 physicarum
998 3387 1229 3486 cognitionem
1266 3371 1406 3462 medico
1429 3389 1578 3486 practico
1610 3389 1748 3463 inanem

237 3529 380 3602 prorsus
400 3513 435 3579 et
458 3529 742 3602 supervacaneam
759 3507 925 3595 habeam,
946 3509 1073 3606 quippe
1097 3531 1186 3606 quae
1207 3507 1387 3605 hucusque
1402 3531 1521 3606 aegros
1539 3531 1657 3582 curare
1680 3495 1748 3582 non
1830 3497 1840 3510 ’

236 3623 411 3698 doceant?
460 3625 538 3697 Non
558 3625 726 3713 credatis,
750 3627 955 3701 Auditores!
981 3633 1017 3700 et
1031 3626 1118 3726 jure.
1170 3627 1251 3704 Qua
1273 3626 1367 3700 enim
1388 3628 1607 3725 persuasione
1627 3628 1748 3726 prexin

238 3741 404 3816 medicam
429 3767 473 3816 ex
492 3743 635 3842 empiria
656 3735 869 3818 efficiendam
886 3744 1066 3831 contendi,
1091 3743 1202 3842 ipsam
1225 3744 1422 3842 empiriam‚
1447 3745 1511 3820 hoc
1531 3754 1584 3820 est
1604 3771 1747 3845 praxeos

238 3860 360 3948 basin,
389 3859 456 3934 nisi
481 3861 622 3938 scientia
648 3863 846 3960 suffultam,
872 3863 979 3938 allam
1001 3887 1075 3936 esse
1097 3887 1205 3962 negor
1248 3863 1346 3938 Haec
1373 3864 1447 3936 volo
1472 3873 1511 3938 nt
1531 3864 1597 3938 rite
1624 3865 1745 3940 distin·

239 3987 409 4078 guantur:
457 3980 652 4077 quodnam,
686 3982 767 4056 data
799 3983 894 4080 aegri
925 3981 1140 4069 conditione,
1172 3983 1363 4058 remedium
1393 3981 1438 4056 sit
1470 3981 1744 4082 propinandum,

240 4099 380 4174 scientia
414 4105 453 4171 ut
488 4099 677 4197 plurimum
714 4101 915 4189 deficiente,
949 4102 1092 4199 empiria
1128 4101 1263 4189 doceat;
1299 4101 1361 4176 sed
1392 4109 1516 4176 cuncta
1545 4103 1743 4192 observare,

179 4311 182 4316 ,
239 4241 328 4314 quac
359 4218 405 4292 ed
443 4218 710 4316 dignoscendam
733 4218 970 4296 conditionem
993 4243 1161 4320 casusque
1187 4221 1338 4296 diversos
1363 4221 1610 4320 comparandos
1630 4223 1745 4320 requi·
1839 4267 1841 4272 -

129 4435 136 4446 q
240 4343 378 4423 rantur,
403 4361 473 4410 non
502 4337 570 4412 nisi
595 4338 744 4437 physicis
767 4339 956 4438 disciplinis
984 4347 1020 4414 et
1041 4341 1212 4414 methodis
1236 4341 1364 4414 imbuti
1385 4365 1538 4439 unquam
1560 4341 1743 4416 valeamus.

290 4455 471 4530 Postulant
490 4456 573 4532 haec
590 4482 687 4555 ¹quaa
706 4457 797 4546 diri,
818 4466 858 4532 ut
879 4466 1038 4534 naturam
1060 4458 1239 4534 observare
1260 4459 1382 4532 doctas
1403 4459 1448 4532 sit
1470 4457 1624 4532 medicus
1648 4483 1744 4556 prac-

242 4571 341 4646 ticus.
372 4575 437 4647 Eat
455 4575 603 4649 officium
625 4601 706 4650 sano
725 4577 966 4676 gravissimum
986 4577 1097 4676 quod,
1118 4577 1290 4676 quomodo
1312 4577 1464 4669 colatur²
1479 4576 1515 4650 in
1538 4583 1657 4676 aperto
1682 4585 1745 4654 est.

241 4689 419 4764 Nimirum
443 4689 519 4766 'non
550 4695 618 4768 nisi
649 4695 862 4772 observando
885 4696 1117 4786 observatores
1140 4698 1255 4772 fimus.
1304 4679 1403 4776 Quid
1424 4719 1502 4770 vero
1525 4719 1595 4770 non
1622 4697 1747 4772 sufficit

242 4809 335 4906 hunc
360 4809 395 4884 in
421 4811 525 4886 finem
551 4813 647 4888 lectis
673 4817 829 4892 adsidere
851 4817 1103 4915 aegrotantium
1128 4825 1162 4892 et
1177 4841 1283 4916 quere
1305 4816 1350 4892 ad
1374 4815 1594 4894 formandum
1616 4817 1747 4894 bonum
