4874 6182
729 705 770 769 sc
1216 659 1221 666 ’
1295 705 1328 772 r.
1364 703 1398 774 o.
1432 701 1685 770 acaunus

782 911 839 986 Sic
885 912 974 986 inter
1015 935 1052 984 se
1092 933 1284 1010 repugnare
1328 909 1490 985 videntur
1533 910 1675 985 scientia
1710 917 1745 985 et
1783 935 1838 987 ars
1874 909 2024 1000 medica,
2068 918 2104 985 et
2140 911 2245 1009 hujus

731 1029 893 1130 illiusque
940 1030 1087 1106 cultores
1135 1039 1246 1106 castra
1301 1030 1439 1106 hostilis
1493 1037 1684 1119 metantur,
1729 1029 1826 1110 litem
1876 1054 2079 1130 componere
2120 1053 2242 1128 parum

726 1159 896 1224 curantes.

778 1270 889 1344 Triste
918 1295 1000 1344 sane
1026 1267 1280 1369 spectaculum!
1330 1267 1441 1366 Cujus
1465 1268 1502 1341 in
1526 1291 1647 1342 causas
1670 1267 1925 1366 inquirentibus
1946 1267 2103 1366 neglecta
2127 1291 2241 1342 neces·

730 1389 845 1464 situdo
873 1389 1051 1464 scientiam
1076 1388 1167 1463 inter
1196 1395 1231 1461 et
1263 1393 1371 1462 artem
1398 1387 1590 1462 accusanda
1619 1385 1763 1463 videtur.
1815 1387 1933 1464 Quare
1966 1409 2046 1474 vos,
2071 1386 2242 1462 auditores

728 1508 1029 1596 aestumatissimi,
1053 1507 1150 1582 haud
1168 1506 1439 1606 inopportunum
1461 1505 1648 1594 duxeritis,
1674 1505 1788 1598 sihac
1808 1504 1893 1580 hora
1911 1505 2023 1580 dicere
2044 1505 2239 1586 instituam:

727 1628 778 1702 de
808 1627 929 1726 justa
958 1627 1283 1702 necessitudine
1317 1626 1537 1701 scientiam
1568 1625 1682 1698 inter
1706 1631 1747 1698 et
1776 1631 1911 1700 artem
1938 1624 2173 1714 medicam,
2196 1633 2239 1700 et

729 1747 778 1820 de
804 1745 1034 1846 utriusque
1057 1745 1234 1846 juribus
1258 1771 1301 1821 ac
1325 1743 1487 1820 mutuis
1511 1743 1690 1820 officiis.

778 1987 879 2064 Quae
906 1986 950 2060 ad
975 1985 1153 2061 scientiam
1179 1984 1349 2060 medicam
1372 1983 1545 2083 pertinent
1570 1981 1788 2081 disciplinae,
1809 2008 1845 2058 -c
1878 1983 2007 2058 renatis
2041 1983 2124 2058 inde
2154 1983 2241 2058 litte·

729 2129 845 2180 rarum
871 2106 1012 2194 studiis,
1038 2130 1138 2180 suam
1166 2104 1295 2180 habent
1324 2102 1502 2178 historiam
1528 2126 1695 2200 suamque
1728 2101 1939 2190 naturalem,
1965 2109 2007 2176 ut
2031 2103 2080 2178 ita
2113 2103 2242 2192 dicam,

729 2225 970 2299 evolutionem.
1020 2225 1101 2298 Non
1129 2224 1238 2312 eninr,
1274 2230 1314 2298 ut
1334 2221 1507 2296 doctrinae
1538 2222 1686 2296 Bacenis
1714 2219 1917 2295 methodum
1942 2221 2173 2321 negligentes,
2200 2223 2243 2298 ad

729 2367 816 2440 quas
835 2347 944 2415 artem
965 2365 1104 2440 quoque
1125 2341 1295 2416 medicam
1313 2365 1376 2438 pro
1391 2347 1489 2438 parte
1507 2339 1630 2414 saltem
1646 2339 1858 2414 referendam
1878 2365 1953 2414 essa
1970 2341 2087 2429 doleo,
2107 2342 2243 2416 alternis

727 2460 903 2560 agitantur
924 2460 1077 2535 motibus
1100 2459 1270 2560 progrado
1291 2466 1326 2533 et
1345 2459 1560 2557 retrogrado,
1584 2483 1654 2532 non
1680 2459 1849 2533 tolluntur
1866 2459 1903 2532 in
1927 2459 2069 2548 altum„
2082 2467 2122 2534 ut
2145 2461 2242 2559 lapsu

728 2579 877 2680 graviori
907 2586 1031 2668 ruant,
1064 2621 1113 2636 -
1143 2587 1197 2654 est
1229 2583 1390 2654 constans
1422 2585 1458 2652 et
1490 2585 1657 2678 perpetua
1691 2579 1884 2678 progressio
1911 2578 1956 2653 ad
1982 2577 2243 2678 perfectionem,

676 2693 679 2701 ⁴
728 2699 822 2774 lenta
848 2698 991 2797 quidem
1014 2697 1092 2787 illa,
1119 2697 1180 2774 sed
1209 2697 1385 2796 quiescere
1407 2705 1469 2773 aut
1491 2697 1683 2796 retrogradi
1707 2697 1832 2774 nescia.

774 2819 830 2894 De
854 2818 1000 2919 singulis
1023 2817 1173 2893 breviter
1194 2816 1394 2906 videamus,
1419 2824 1454 2891 et
1475 2817 1587 2916 primo
1611 2817 1754 2915 quidem
1779 2817 1854 2890 loco
1877 2815 1922 2890 de
1941 2815 2130 2892 'enammia

773 2936 939 3012 Veritatis
958 2962 1073 3012 amore
1092 2937 1239 3026 ductus,
1263 2938 1322 3035 pia
1341 2943 1458 3012 mente
1481 2937 1612 3010 Christi
1634 2936 1822 3034 imaginem
1846 2935 2054 3034 suspiciens,
2080 2935 2244 3034 quemad·

727 3057 872 3132 modurn
893 3057 1084 3131 anatomiae
1103 3057 1368 3132 instauratorem
1389 3056 1555 3130 divinitus
1575 3055 1688 3153 pinxit
1708 3054 1851 3128 illustris
1871 3055 2042 3144 Amman,
2067 3054 2243 3130 Andraeas

728 3175 889 3248 Vesalius
905 3173 1049 3248 cadaver
1067 3174 1260 3248 humanum
1275 3199 1388 3248 secare
1404 3181 1439 3248 et
1453 3173 1627 3272 explorare
1646 3199 1830 3272 aggressus
1849 3182 1919 3262 est,
1932 3174 1968 3248 in
1984 3197 2095 3272 eoque
2109 3180 2244 3248 tantum

728 3291 892 3391 profecit,
924 3299 984 3380 ut,
1016 3292 1263 3390 comparando,
1288 3293 1461 3367 Galenum
1488 3293 1607 3368 multis
1634 3292 1835 3368 nominibus
1863 3292 2016 3374 fallacem
2047 3317 2124 3368 esse
2153 3293 2245 3367 brevi

733 3412 995 3488 demonstraret.
1044 3411 1168 3486 Galeni
1192 3412 1332 3511 quidem
1355 3421 1536 3512 praecepta
1557 3413 1722 3490 tenaciter
1744 3412 1831 3486 adeo
1855 3412 2126 3490 anatomicorum
2149 3436 2243 3487 men·

730 3531 827 3606 tibus
849 3531 956 3607 infixa
978 3531 1183 3620 haerebant,
1209 3539 1250 3605 ut
1269 3557 1309 3607 eo
1328 3532 1571 3632 plerorumque
1593 3531 1790 3608 inimicitias
1812 3532 1864 3608 vir
1884 3557 2042 3607 summus
2066 3532 2137 3606 sibi
2165 3555 2242 3606 con·

640 3705 645 3714 .
729 3651 893 3738 traxerit,
929 3651 1015 3748 quin
1052 3675 1145 3724 unus
1182 3674 1300 3727 eorum
1332 3651 1447 3749 palam
1481 3651 1593 3728 fassus
1627 3677 1701 3726 esse
1741 3650 1918 3738 tradatur,
1954 3651 2057 3726 malle
2088 3675 2122 3724 se
2159 3674 2240 3722 cum

730 3769 863 3842 Galeno
894 3793 1004 3843 errare
1036 3793 1142 3867 quarn
1176 3794 1257 3845 eum
1286 3771 1533 3846 recentioribus
1562 3795 1682 3850 verum
1706 3769 1830 3844 videre.
1880 3772 2006 3870 Neque
2027 3779 2142 3846 tamen
2160 3769 2239 3843 fun·

733 3889 896 3962 demente
931 3887 975 3962 ab
1006 3887 1065 3962 illo
1103 3889 1214 3988 posita
1244 3913 1400 3986 unquam
1434 3889 1587 3966 subverti
1616 3897 1821 3989 potuerunt,
1855 3891 1916 3964 sed
1942 3889 2019 3988 ipso
2043 3913 2143 3978 aere,
2175 3913 2242 3988 quo

735 4007 863 4080 summi
898 4005 961 4078 viri
1006 4008 1206 4082 memoriam
1251 4007 1359 4082 nostri
1399 4010 1558 4106 aequales
1598 4015 1860 4096 consecrarunt,
1906 4009 2108 4108 perenniora
2145 4011 2241 4088 sunt!

734 4123 892 4199 Eandem
925 4125 1016 4199 viam
1048 4127 1176 4214 secuti,
1205 4125 1366 4226 deinceps
1400 4127 1512 4225 magis
1543 4129 1725 4228 magisque
1756 4127 1965 4205 anatomiam
1995 4127 2147 4227 corporis
2179 4129 2242 4202 hu·
2313 4190 2319 4202 .

701 4303 702 4308 ,
734 4245 830 4318 mani
862 4244 1085 4320 excoluenrnt
1125 4245 1254 4320 Vesalii
1291 4240 1500 4321 successores
1545 4254 1579 4340 (e
1614 4247 1743 4346 quibus
1781 4247 1896 4345 plures
1933 4271 2061 4345 eosque
2099 4247 2240 4322 eximios

734 4372 852 4438 nostra
883 4363 995 4463 patria
1030 4364 1097 4438 sibi
1127 4364 1316 4458 vindicat),
1348 4392 1387 4440 ac
1417 4366 1537 4445 breves
1567 4367 1770 4466 plerumque
1801 4366 1942 4458 fuerunt
1972 4391 2121 4455 errores,
2147 4367 2243 4465 'siqui

734 4490 832 4556 erant
842 4539 852 4570 ,
864 4481 986 4558 iterata
999 4483 1127 4584 quippe
1143 4483 1405 4584 investigatione
1414 4491 1449 4558 ct
1459 4484 1528 4560 acri
1543 4485 1737 4565 criticorum
1754 4484 1976 4584 castigatione
1993 4510 2074 4560 mox
2089 4487 2240 4571 correcti.

731 4601 788 4675 Sic
816 4609 934 4677 nostra
967 4611 1079 4678 aetate
1113 4629 1154 4680 eo
1185 4610 1388 4703 perventum
1415 4610 1486 4692 est,
1512 4611 1552 4676 ut
1572 4603 1662 4676 inter
1684 4602 1833 4676 maxime
1853 4602 2020 4701 perfectas
2043 4602 2238 4702 disciplinas

732 4721 923 4797 anatomica
951 4723 1099 4825 corporis
1129 4723 1273 4802 humani
1297 4722 1477 4822 cognitio,
1493 4732 1664 4822 quatenus
1686 4721 1835 4800 sectione
1863 4722 1937 4802 erui
1961 4729 2098 4824 potest,
2123 4721 2240 4808 referri

731 4849 910 4922 mereatur.
