4986 6200
886 654 1161 724 ollarlo,
1736 657 1779 728 2³

269 889 307 940 se
326 864 643 948 commendantem
667 859 773 957 idque
799 885 918 936 omnes
943 863 1084 960 quidem
1108 867 1283 950 nostrum,
1308 867 1409 938 antea
1432 861 1495 961 qui
1517 861 1675 938 Gandavi
1696 885 1777 938 eum

268 984 511 1070 visitaverunt,
546 1005 617 1054 uno
646 1003 704 1053 ore
732 981 973 1068 testabuntur,
1005 979 1095 1079 grati
1126 981 1201 1078 ejus
1233 977 1499 1056 benivolentiam
1531 1003 1778 1078 summumque

268 1101 418 1175 officium
441 1101 667 1174 recordantes.
703 1177 705 1182 ,
1874 1093 1875 1098 ’

317 1220 500 1298 Quantum
523 1216 687 1314 temporis
707 1216 739 1290 ei
762 1217 907 1292 vacabat
927 1243 949 1294 a
971 1241 1113 1294 munem
1135 1216 1317 1305 obeundo,
1341 1224 1480 1294 tantum
1502 1218 1626 1294 studiis
1655 1217 1777 1296 literis·

267 1361 336 1434 que
369 1335 521 1411 colendis
548 1335 780 1434 impendebat.
830 1337 1040 1436 Diligentiae
1071 1342 1189 1412 autem
1219 1343 1254 1410 et
1281 1333 1474 1414 industriae
1500 1361 1582 1414 suae
1606 1337 1778 1434 praeclara

267 1456 436 1528 habemus
458 1454 654 1528 testimonia
676 1453 712 1526 in
740 1454 895 1552 scriptis,
927 1481 1015 1554 quae
1040 1454 1188 1530 subinde
1210 1453 1340 1541 edidit,
1374 1479 1455 1530 cum
1478 1456 1576 1530 utin
1600 1456 1777 1532 literarum

267 1573 467 1672 disciplinae
499 1573 770 1646 emolumentum
804 1575 954 1650 maxime
986 1574 1173 1662 conferret,
1211 1581 1288 1650 turn
1318 1599 1397 1650 vero
1426 1574 1531 1651 etiam
1566 1581 1607 1648 ιιι
1640 1573 1777 1670 pietatis

266 1693 376 1766 officio
406 1692 624 1768 satisfaceret.
675 1691 839 1766 Extincto
862 1719 1033 1792 namque,
1057 1695 1199 1768 ineunte
1225 1717 1316 1770 anno
1340 1696 1452 1781 1820,
1477 1699 1695 1792 praeceptore
1716 1715 1779 1766 suo

266 1810 505 1897 celeberrimo,
532 1810 571 1883 id
591 1836 612 1884 a
632 1835 668 1884 se
688 1812 854 1909 postulari
868 1813 1118 1899 arbitrabatur,
1145 1823 1185 1888 ut
1205 1813 1312 1888 literis
1330 1813 1528 1898 mandaret,
1550 1835 1779 1910 quaecuuque

267 1929 312 2004 ad
346 1953 445 2002 suam
476 1929 635 2003 notitiam
670 1931 886 2026 pervenerint
916 1931 959 2004 de
990 1933 1057 2005 vita
1087 1940 1122 2005 et
1154 1933 1277 2006 studiis
1303 1933 1430 2006 summi
1453 1931 1550 2018 Viri,
1572 1929 1719 2028 ,ingenio
1744 1936 1779 2002 et

267 2047 441 2120 doctrinae
487 2046 694 2145 praestantia
741 2047 802 2144 qui
846 2049 932 2122 adeo
974 2049 1192 2148 praecelluit,
1236 2073 1365 2147 perque
1412 2051 1458 2121 50
1498 2071 1606 2123 annos
1640 2053 1779 2120 tentum

110 2194 118 2209 .
267 2165 449 2275 praestitit.

282 2305 288 2314 ·
315 2284 475 2358 Primum
499 2283 607 2383 igitur
631 2285 924 2360 Wrrrrrvaacsrrr
944 2285 1052 2360 vitam
1075 2285 1274 2384 explicavit,
1308 2285 1435 2382 magud
1459 2283 1602 2381 quidem
1623 2282 1779 2360 omnium

268 2403 482 2489 eruditorum
512 2403 777 2502 approbatione,
813 2407 979 2504 tantaque
1012 2403 1330 2492 commendatione,
1366 2401 1555 2480 utendam
1576 2426 1687 2490 anno,
1713 2409 1782 2500 quc

267 2547 355 2622 opus
385 2521 579 2622 prodierat,
614 2523 721 2598 altera
750 2522 856 2597 editio
883 2531 1098 2621 posceretur,
1132 2529 1167 2596 st
1194 2521 1334 2600 biennio
1354 2530 1433 2622 post
1455 2522 1492 2598 in
1520 2521 1706 2598 Germania
1729 2546 1781 2598 re·

266 2642 375 2742 petita
412 2643 467 2718 sit.
532 2643 668 2718 Deinde
705 2643 802 2719 aliud
842 2643 1048 2740 opusculum
1081 2643 1259 2741 apparuit,
1302 2645 1448 2744 quinque
1489 2641 1784 2726 errnuascrrrv
1835 2695 1838 2701 ·

137 2831 140 2838 .
268 2786 444 2848 accuses,
478 2761 515 2833 in
538 2761 921 2836 Amstelodamensibus
946 2761 1069 2834 scholis
1097 2762 1181 2834 olim
1200 2762 1380 2847 recitatas,
1406 2761 1604 2847 continens,
1630 2767 1666 2834 et
1688 2761 1784 2866 quod

268 2880 471 2964 Minurus,
508 2885 675 2974 tanquam
706 2877 982 2952 additamentum
1017 2879 1062 2952 ad
1091 2903 1152 2965 ea,
1186 2904 1275 2977 quac
1308 2879 1352 2952 de
1387 2877 1685 2954 errurvsscrsn
1712 2878 1784 2952 sita

271 3003 496 3095 exposuerat,
521 2995 617 3068 brevi
644 3019 681 3068 se
704 2995 880 3068 editurum
898 2995 1109 3092 promiserat.
1159 2997 1250 3072 Turn
1271 3020 1312 3070 ea
1334 2995 1469 3072 edenda
1491 2996 1671 3094 cogitavit,
1697 3020 1785 3094 quse
1876 3005 1894 3040 ⁹

271 3141 314 3190 ex
346 3114 502 3188 defuncti
533 3113 776 3211 manuscriptis
808 3119 843 3186 ct
877 3114 1049 3188 annotatis
1082 3114 1235 3212 itemque
1267 3139 1311 3190 ex
1340 3114 1461 3214 multis
1494 3115 1647 3212 epistolis
1680 3115 1785 3214 digna

275 3235 494 3320 viderentur,
519 3257 608 3330 quae
625 3233 670 3306 ad
690 3232 864 3330 publicam
882 3233 1040 3308 notitiam
1057 3233 1282 3332 pervenirent.
1318 3233 1432 3332 Igitur
1451 3259 1472 3310 a
1489 3233 1785 3310 errnunaeurr

273 3353 426 3453 epistolis
451 3352 586 3428 selectis
613 3352 755 3426 edendis
781 3353 986 3428 ordiendum
1008 3377 1082 3427 esse
1105 3353 1257 3450 putavit,
1291 3360 1368 3430 tum
1390 3378 1471 3430 vero
1494 3353 1541 3428 ad
1567 3353 1785 3430 Russuxnrvvr

273 3497 354 3547 cum
385 3471 686 3546 Wrr‘rnrvaacrrro
719 3471 863 3568 aliisque
896 3471 1117 3567 epistolarum
1146 3470 1390 3546 commercium
1416 3495 1492 3546 esse
1520 3467 1784 3547 attendendum.

274 3589 418 3664 Tardior
448 3596 566 3664 autem
595 3613 675 3664 cnm
705 3590 778 3688 jam
809 3590 846 3664 in
878 3589 1004 3687 prime.
1021 3589 1126 3689 hujus
1149 3590 1248 3688 pensi
1274 3588 1440 3687 propositi
1462 3596 1559 3686 parte
1577 3589 1784 3664 absolvendsl

274 3709 425 3808 fuisset,¹
449 3714 485 3781 et
513 3707 808 3782 Wrrrsrvaacnrr
838 3709 1051 3804 pascuam
1084 3708 1279 3782 selectarum
1303 3709 1490 3802 suadeatur
1523 3731 1613 3784 anno
1643 3708 1786 3786 demum

277 3830 371 3902 1830
408 3826 592 3914 edidisset,
626 3852 723 3916 ecce,
749 3826 936 3926 quominus
959 3825 1096 3925 incepta
1122 3828 1322 3902 continuare
1344 3835 1468 3925 posset
1484 3834 1519 3900 et
1544 3826 1640 3902 brevi
1663 3827 1785 3902 eadem

276 3953 474 4046 perageret,
499 3946 752 4043 impediebatur
772 3955 808 4020 et
830 3945 1095 4044 prohibebatur,
1119 3946 1293 4046 republica
1315 3947 1465 4048 quippe,
1490 3947 1646 4046 improbo
1665 3947 1785 4045 populi

277 4065 402 4164 belgici
426 4072 524 4138 motu
550 4090 613 4140 seu
634 4065 789 4140 tumultu
810 4092 849 4142 ec
873 4067 1004 4165 perfido
1026 4065 1202 4159 seditionis
1223 4067 1413 4154 desiderio,
1438 4066 1553 4142 subito
1573 4067 1785 4164 perturbate.
1828 4121 1831 4128 ·

279 4185 362 4261 Quo
382 4182 545 4281 quidem,
580 4191 621 4257 ut
644 4185 823 4272 novimus,
857 4185 1079 4274 factumest,
1105 4195 1145 4260 ut
1165 4187 1372 4262 Academiae
1392 4181 1623 4276 Professores,
1648 4187 1787 4262 natione

279 4301 416 4390 batavi,
451 4301 513 4400 qui
546 4303 582 4376 in
615 4305 738 4402 Belpic
771 4305 917 4380 docendi
939 4329 1082 4380 munera
1108 4305 1292 4403 gerebant,
1317 4306 1361 4382 de
1384 4305 1590 4382 stationibus
1614 4305 1786 4380 discedere

280 4422 407 4507 coacti,
441 4421 613 4496 veteribus
646 4423 845 4510 Academiis
875 4423 1007 4499 batavis
1041 4423 1321 4523 adjungerentur.
1372 4427 1418 4498 Et
1449 4427 1605 4502 Maanro
1636 4425 1787 4524 gaudere

283 4538 416 4635 sibique
446 4541 611 4637 gratulari
643 4541 761 4628 licuit,
799 4543 893 4641 quod
925 4545 961 4616 in
987 4544 1052 4617 hdo
1073 4544 1223 4618 Palladis
1247 4546 1348 4632 sede,
1374 4570 1478 4643 quam
1503 4569 1659 4618 summus
1682 4544 1784 4618 Prae·

282 4663 399 4755 ceptor
419 4659 594 4755 quondtlm
617 4669 812 4750 ornaverat,
839 4661 1044 4736 discentium
1069 4663 1184 4738 studia
1203 4664 1372 4740 moderari
1393 4689 1433 4740 ac
1448 4663 1586 4762 juvare,
1610 4661 1785 4761 literisque

283 4775 434 4851 colendis
456 4801 594 4874 operam
622 4779 701 4853 dare
720 4789 845 4880 posset.
897 4782 1112 4882 Simulatque
1139 4791 1255 4858 autem
1279 4792 1395 4884 aptam
1420 4791 1542 4860 nactus
1568 4791 1641 4860 erat
1665 4807 1787 4883 oppor-
