<?xml version="1.0" encoding="UTF-8"?>
<!DOCTYPE html PUBLIC "-//W3C//DTD XHTML 1.0 Transitional//EN"
    "http://www.w3.org/TR/xhtml1/DTD/xhtml1-transitional.dtd">
<html xmlns="http://www.w3.org/1999/xhtml" xml:lang="en" lang="en">
 <head>
  <title>
</title>
<meta http-equiv="Content-Type" content="text/html;charset=utf-8" />
  <meta name='ocr-system' content='tesseract 3.04.00' />
  <meta name='ocr-capabilities' content='ocr_page ocr_carea ocr_par ocr_line ocrx_word'/>
</head>
<body>
  <div class='ocr_page' id='page_1' title='image "annalesacademic02unkngoog_0089.png"; bbox 0 0 4892 6184; ppageno 0'>
   <div class='ocr_carea' id='block_1_1' title="bbox 701 722 1734 800">
    <p class='ocr_par' dir='ltr' id='par_1_1' title="bbox 701 722 1734 800">
     <span class='ocr_line' id='line_1_1' title="bbox 701 722 1734 800; baseline -0.001 -7"><span class='ocrx_word' id='word_1_1' title='bbox 701 729 742 793; x_wconf 82' lang='grc'><strong>78</strong></span> <span class='ocrx_word' id='word_1_2' title='bbox 1171 724 1364 792; x_wconf 79' lang='lat' dir='ltr'><strong>SERIES</strong></span> <span class='ocrx_word' id='word_1_3' title='bbox 1404 722 1734 800; x_wconf 76' lang='lat' dir='ltr'><strong>tucrlouuu.</strong></span> 
     </span>
    </p>
   </div>
   <div class='ocr_carea' id='block_1_2' title="bbox 697 929 2205 2580">
    <p class='ocr_par' dir='ltr' id='par_1_2' title="bbox 697 929 2205 2580">
     <span class='ocr_line' id='line_1_2' title="bbox 702 929 2204 1022; baseline 0 -12"><span class='ocrx_word' id='word_1_4' title='bbox 702 933 750 1011; x_wconf 88' lang='lat' dir='ltr'><strong>H.</strong></span> <span class='ocrx_word' id='word_1_5' title='bbox 766 935 869 1012; x_wconf 83' lang='lat' dir='ltr'><strong>Cocrr</strong></span> <span class='ocrx_word' id='word_1_6' title='bbox 884 933 995 1010; x_wconf 90' lang='lat' dir='ltr'><strong>tradet</strong></span> <span class='ocrx_word' id='word_1_7' title='bbox 1016 933 1082 1006; x_wconf 84' lang='lat' dir='ltr'><strong>Ius</strong></span> <span class='ocrx_word' id='word_1_8' title='bbox 1097 929 1301 1022; x_wconf 83' lang='lat' dir='ltr'><strong>CrIminale‚</strong></span> <span class='ocrx_word' id='word_1_9' title='bbox 1324 931 1448 1008; x_wconf 89' lang='lat' dir='ltr'><strong>diebus</strong></span> <span class='ocrx_word' id='word_1_10' title='bbox 1459 933 1598 1022; x_wconf 85' lang='lat' dir='ltr'><strong>Lunae,</strong></span> <span class='ocrx_word' id='word_1_11' title='bbox 1618 931 1742 1008; x_wconf 86' lang='lat' dir='ltr'><strong>Martis</strong></span> <span class='ocrx_word' id='word_1_12' title='bbox 1755 937 1791 1005; x_wconf 89' lang='lat' dir='ltr'><strong>et</strong></span> <span class='ocrx_word' id='word_1_13' title='bbox 1804 930 1987 1020; x_wconf 73' lang='lat' dir='ltr'><strong>Mercurii,</strong></span> <span class='ocrx_word' id='word_1_14' title='bbox 2022 933 2103 1009; x_wconf 80' lang='lat' dir='ltr'><strong>hort</strong></span> <span class='ocrx_word' id='word_1_15' title='bbox 2141 935 2204 1010; x_wconf 68' lang='lat' dir='ltr'><strong>Ill</strong></span> 
     </span>
     <span class='ocr_line' id='line_1_3' title="bbox 891 1052 2204 1140; baseline 0 -13"><span class='ocrx_word' id='word_1_16' title='bbox 891 1061 927 1128; x_wconf 90' lang='lat' dir='ltr'><strong>et</strong></span> <span class='ocrx_word' id='word_1_17' title='bbox 950 1053 1006 1128; x_wconf 93' lang='lat' dir='ltr'><strong>die</strong></span> <span class='ocrx_word' id='word_1_18' title='bbox 1030 1052 1143 1140; x_wconf 81' lang='lat' dir='ltr'><strong>Iovis,</strong></span> <span class='ocrx_word' id='word_1_19' title='bbox 1180 1107 1985 1130; x_wconf 91' lang='grc'><strong>.......................</strong></span> <span class='ocrx_word' id='word_1_20' title='bbox 2141 1053 2204 1128; x_wconf 88' lang='lat' dir='ltr'><strong>XI.</strong></span> 
     </span>
     <span class='ocr_line' id='line_1_4' title="bbox 796 1167 2205 1261; baseline -0.001 -13"><span class='ocrx_word' id='word_1_21' title='bbox 796 1174 862 1248; x_wconf 87' lang='lat' dir='ltr'><strong>Jus</strong></span> <span class='ocrx_word' id='word_1_22' title='bbox 873 1172 1058 1248; x_wconf 91' lang='lat' dir='ltr'><strong>Publicum</strong></span> <span class='ocrx_word' id='word_1_23' title='bbox 1069 1179 1105 1248; x_wconf 88' lang='lat' dir='ltr'><strong>et</strong></span> <span class='ocrx_word' id='word_1_24' title='bbox 1119 1167 1446 1260; x_wconf 88' lang='lat' dir='ltr'><strong>Gentium,diabus</strong></span> <span class='ocrx_word' id='word_1_25' title='bbox 1459 1169 1739 1261; x_wconf 86' lang='lat' dir='ltr'><strong>Lunae‚Martia</strong></span> <span class='ocrx_word' id='word_1_26' title='bbox 1752 1177 1788 1244; x_wconf 88' lang='lat' dir='ltr'><strong>et</strong></span> <span class='ocrx_word' id='word_1_27' title='bbox 1802 1169 1988 1260; x_wconf 90' lang='lat' dir='ltr'><strong>Mercurii,</strong></span> <span class='ocrx_word' id='word_1_28' title='bbox 2162 1173 2205 1247; x_wconf 93' lang='lat' dir='ltr'><strong>X.</strong></span> 
     </span>
     <span class='ocr_line' id='line_1_5' title="bbox 792 1287 2205 1378; baseline 0.001 -13"><span class='ocrx_word' id='word_1_29' title='bbox 792 1291 859 1366; x_wconf 85' lang='lat' dir='ltr'><strong>Ius</strong></span> <span class='ocrx_word' id='word_1_30' title='bbox 882 1289 1074 1378; x_wconf 79' lang='lat' dir='ltr'><strong>Naturale,</strong></span> <span class='ocrx_word' id='word_1_31' title='bbox 1099 1289 1224 1364; x_wconf 91' lang='lat' dir='ltr'><strong>diebus</strong></span> <span class='ocrx_word' id='word_1_32' title='bbox 1249 1289 1390 1378; x_wconf 89' lang='lat' dir='ltr'><strong>Lunae,</strong></span> <span class='ocrx_word' id='word_1_33' title='bbox 1415 1291 1540 1366; x_wconf 92' lang='lat' dir='ltr'><strong>Martis</strong></span> <span class='ocrx_word' id='word_1_34' title='bbox 1563 1299 1599 1364; x_wconf 92' lang='lat' dir='ltr'><strong>et</strong></span> <span class='ocrx_word' id='word_1_35' title='bbox 1622 1287 1787 1363; x_wconf 83' lang='lat' dir='ltr'><strong>Mercurii</strong></span> <span class='ocrx_word' id='word_1_36' title='bbox 1795 1343 1987 1376; x_wconf 87' lang='lat'><strong>......</strong></span> <span class='ocrx_word' id='word_1_37' title='bbox 2143 1291 2205 1366; x_wconf 90' lang='lat' dir='ltr'><strong>XI.</strong></span> 
     </span>
     <span class='ocr_line' id='line_1_6' title="bbox 795 1408 1990 1500; baseline -0.002 -14"><span class='ocrx_word' id='word_1_38' title='bbox 795 1411 963 1486; x_wconf 83' lang='lat' dir='ltr'><strong>Ordinem</strong></span> <span class='ocrx_word' id='word_1_39' title='bbox 998 1408 1215 1485; x_wconf 73' lang='lat' dir='ltr'><strong>iudiciorum</strong></span> <span class='ocrx_word' id='word_1_40' title='bbox 1249 1409 1511 1500; x_wconf 78' lang='lat' dir='ltr'><strong>criminalium,</strong></span> <span class='ocrx_word' id='word_1_41' title='bbox 1545 1408 1669 1484; x_wconf 89' lang='lat' dir='ltr'><strong>diebus</strong></span> <span class='ocrx_word' id='word_1_42' title='bbox 1693 1408 1834 1496; x_wconf 69' lang='lat' dir='ltr'><strong>nunc,</strong></span> <span class='ocrx_word' id='word_1_43' title='bbox 1865 1409 1990 1486; x_wconf 79' lang='lat' dir='ltr'><strong>Marcis</strong></span> 
     </span>
     <span class='ocr_line' id='line_1_7' title="bbox 842 1527 2202 1616; baseline -0.001 -12"><span class='ocrx_word' id='word_1_44' title='bbox 842 1537 878 1605; x_wconf 88' lang='lat' dir='ltr'><strong>et</strong></span> <span class='ocrx_word' id='word_1_45' title='bbox 900 1527 1066 1604; x_wconf 89' lang='lat' dir='ltr'><strong>Mercurii</strong></span> <span class='ocrx_word' id='word_1_46' title='bbox 1075 1583 1982 1616; x_wconf 90' lang='grc'><strong>..........................</strong></span> <span class='ocrx_word' id='word_1_47' title='bbox 2123 1529 2202 1604; x_wconf 88' lang='lat' dir='ltr'><strong>XII.</strong></span> 
     </span>
     <span class='ocr_line' id='line_1_8' title="bbox 698 1645 1989 1746; baseline 0.001 -25"><span class='ocrx_word' id='word_1_48' title='bbox 698 1650 731 1724; x_wconf 88' lang='lat' dir='ltr'><strong>J.</strong></span> <span class='ocrx_word' id='word_1_49' title='bbox 756 1672 804 1724; x_wconf 84' lang='lat' dir='ltr'><strong>nu</strong></span> <span class='ocrx_word' id='word_1_50' title='bbox 829 1647 926 1722; x_wconf 82' lang='lat' dir='ltr'><strong>Wru</strong></span> <span class='ocrx_word' id='word_1_51' title='bbox 957 1647 1140 1746; x_wconf 77' lang='lat' dir='ltr'><strong>explicabit</strong></span> <span class='ocrx_word' id='word_1_52' title='bbox 1162 1647 1471 1746; x_wconf 85' lang='lat' dir='ltr'><strong>Euryclopaediam</strong></span> <span class='ocrx_word' id='word_1_53' title='bbox 1491 1653 1527 1723; x_wconf 90' lang='lat' dir='ltr'><strong>et</strong></span> <span class='ocrx_word' id='word_1_54' title='bbox 1551 1645 1847 1746; x_wconf 81' lang='lat' dir='ltr'><strong>Methodologiom</strong></span> <span class='ocrx_word' id='word_1_55' title='bbox 1868 1647 1989 1742; x_wconf 83' lang='lat' dir='ltr'><strong>Iuris,</strong></span> 
     </span>
     <span class='ocr_line' id='line_1_9' title="bbox 748 1766 2203 1856; baseline 0 -15"><span class='ocrx_word' id='word_1_56' title='bbox 748 1766 871 1842; x_wconf 89' lang='lat' dir='ltr'><strong>diebus</strong></span> <span class='ocrx_word' id='word_1_57' title='bbox 893 1767 1032 1856; x_wconf 89' lang='lat' dir='ltr'><strong>Lunae,</strong></span> <span class='ocrx_word' id='word_1_58' title='bbox 1057 1767 1182 1841; x_wconf 90' lang='lat' dir='ltr'><strong>Martis</strong></span> <span class='ocrx_word' id='word_1_59' title='bbox 1206 1775 1241 1842; x_wconf 89' lang='lat' dir='ltr'><strong>et</strong></span> <span class='ocrx_word' id='word_1_60' title='bbox 1264 1767 1429 1842; x_wconf 85' lang='lat' dir='ltr'><strong>Mercurii</strong></span> <span class='ocrx_word' id='word_1_61' title='bbox 1435 1821 1985 1856; x_wconf 91' lang='grc'><strong>................</strong></span> <span class='ocrx_word' id='word_1_62' title='bbox 2123 1767 2203 1841; x_wconf 90' lang='lat' dir='ltr'><strong>XII.</strong></span> 
     </span>
     <span class='ocr_line' id='line_1_10' title="bbox 792 1883 2202 1974; baseline -0.001 -14"><span class='ocrx_word' id='word_1_63' title='bbox 792 1885 985 1961; x_wconf 84' lang='lat' dir='ltr'><strong>Historiam</strong></span> <span class='ocrx_word' id='word_1_64' title='bbox 1009 1886 1032 1960; x_wconf 91' lang='lat' dir='ltr'><strong>J</strong></span> <span class='ocrx_word' id='word_1_65' title='bbox 1035 1886 1105 1960; x_wconf 88' lang='lat' dir='ltr'><strong>uris</strong></span> <span class='ocrx_word' id='word_1_66' title='bbox 1128 1885 1278 1960; x_wconf 88' lang='lat' dir='ltr'><strong>Romani</strong></span> <span class='ocrx_word' id='word_1_67' title='bbox 1301 1885 1492 1974; x_wconf 85' lang='lat' dir='ltr'><strong>enarrabit,</strong></span> <span class='ocrx_word' id='word_1_68' title='bbox 1516 1885 1639 1959; x_wconf 88' lang='lat' dir='ltr'><strong>iisdem</strong></span> <span class='ocrx_word' id='word_1_69' title='bbox 1663 1883 1787 1958; x_wconf 85' lang='lat' dir='ltr'><strong>diebus</strong></span> <span class='ocrx_word' id='word_1_70' title='bbox 1792 1939 1985 1972; x_wconf 90' lang='lat'><strong>......</strong></span> <span class='ocrx_word' id='word_1_71' title='bbox 2105 1905 2108 1914; x_wconf 90' lang='lat'>·</span> <span class='ocrx_word' id='word_1_72' title='bbox 2175 1887 2202 1959; x_wconf 94' lang='lat' dir='ltr'><strong>I.</strong></span> 
     </span>
     <span class='ocr_line' id='line_1_11' title="bbox 793 2001 2202 2104; baseline -0.003 -24"><span class='ocrx_word' id='word_1_73' title='bbox 793 2005 859 2080; x_wconf 93' lang='lat' dir='ltr'><strong>Jus</strong></span> <span class='ocrx_word' id='word_1_74' title='bbox 883 2004 1127 2080; x_wconf 90' lang='lat' dir='ltr'><strong>Mercatorium</strong></span> <span class='ocrx_word' id='word_1_75' title='bbox 1153 2013 1321 2104; x_wconf 88' lang='lat' dir='ltr'><strong>exponet,</strong></span> <span class='ocrx_word' id='word_1_76' title='bbox 1346 2005 1405 2078; x_wconf 90' lang='lat' dir='ltr'><strong>die</strong></span> <span class='ocrx_word' id='word_1_77' title='bbox 1425 2004 1545 2092; x_wconf 88' lang='lat' dir='ltr'><strong>Jovis,</strong></span> <span class='ocrx_word' id='word_1_78' title='bbox 1579 2057 1986 2079; x_wconf 92' lang='grc'><strong>............</strong></span> <span class='ocrx_word' id='word_1_79' title='bbox 2121 2001 2202 2078; x_wconf 90' lang='lat' dir='ltr'><strong>XII.</strong></span> 
     </span>
     <span class='ocr_line' id='line_1_12' title="bbox 890 2121 2200 2212; baseline -0.002 -14"><span class='ocrx_word' id='word_1_80' title='bbox 890 2133 926 2200; x_wconf 91' lang='lat' dir='ltr'><strong>et</strong></span> <span class='ocrx_word' id='word_1_81' title='bbox 950 2125 1006 2198; x_wconf 90' lang='lat' dir='ltr'><strong>die</strong></span> <span class='ocrx_word' id='word_1_82' title='bbox 1029 2123 1175 2198; x_wconf 85' lang='lat' dir='ltr'><strong>Veneris</strong></span> <span class='ocrx_word' id='word_1_83' title='bbox 1181 2177 1983 2212; x_wconf 87' lang='lat'><strong>.......................</strong></span> <span class='ocrx_word' id='word_1_84' title='bbox 2005 2121 2200 2198; x_wconf 87' lang='lat' dir='ltr'><strong>XletXlI.</strong></span> 
     </span>
     <span class='ocr_line' id='line_1_13' title="bbox 697 2238 1987 2343; baseline -0.002 -25"><span class='ocrx_word' id='word_1_85' title='bbox 697 2247 732 2320; x_wconf 87' lang='lat' dir='ltr'><strong>S.</strong></span> <span class='ocrx_word' id='word_1_86' title='bbox 766 2245 967 2320; x_wconf 83' lang='lat' dir='ltr'><strong>Vrssnnrua</strong></span> <span class='ocrx_word' id='word_1_87' title='bbox 1016 2243 1227 2318; x_wconf 88' lang='lat' dir='ltr'><strong>Statisticam</strong></span> <span class='ocrx_word' id='word_1_88' title='bbox 1274 2243 1404 2343; x_wconf 86' lang='lat' dir='ltr'><strong>patriae</strong></span> <span class='ocrx_word' id='word_1_89' title='bbox 1438 2241 1643 2341; x_wconf 85' lang='lat' dir='ltr'><strong>explicabit,</strong></span> <span class='ocrx_word' id='word_1_90' title='bbox 1684 2238 1809 2336; x_wconf 88' lang='lat' dir='ltr'><strong>diebus</strong></span> <span class='ocrx_word' id='word_1_91' title='bbox 1843 2239 1987 2330; x_wconf 87' lang='lat' dir='ltr'><strong>Lunae,</strong></span> 
     </span>
     <span class='ocr_line' id='line_1_14' title="bbox 743 2361 2202 2450; baseline -0.003 -11"><span class='ocrx_word' id='word_1_92' title='bbox 743 2364 868 2440; x_wconf 92' lang='lat' dir='ltr'><strong>Martis</strong></span> <span class='ocrx_word' id='word_1_93' title='bbox 892 2371 927 2438; x_wconf 92' lang='lat' dir='ltr'><strong>et</strong></span> <span class='ocrx_word' id='word_1_94' title='bbox 949 2361 1135 2450; x_wconf 87' lang='lat' dir='ltr'><strong>Mercurii,</strong></span> <span class='ocrx_word' id='word_1_95' title='bbox 1184 2415 1988 2438; x_wconf 89' lang='grc'><strong>.......................</strong></span> <span class='ocrx_word' id='word_1_96' title='bbox 2175 2361 2202 2436; x_wconf 94' lang='grc' dir='ltr'><strong>Ι.</strong></span> 
     </span>
     <span class='ocr_line' id='line_1_15' title="bbox 792 2477 2202 2580; baseline 0.001 -26"><span class='ocrx_word' id='word_1_97' title='bbox 792 2479 982 2554; x_wconf 83' lang='lat' dir='ltr'><strong>Historiam</strong></span> <span class='ocrx_word' id='word_1_98' title='bbox 1008 2480 1167 2577; x_wconf 82' lang='lat' dir='ltr'><strong>Europae</strong></span> <span class='ocrx_word' id='word_1_99' title='bbox 1191 2477 1467 2580; x_wconf 78' lang='lat' dir='ltr'><strong>diplomaticam,</strong></span> <span class='ocrx_word' id='word_1_100' title='bbox 1490 2477 1614 2554; x_wconf 89' lang='lat' dir='ltr'><strong>iisdem</strong></span> <span class='ocrx_word' id='word_1_101' title='bbox 1638 2477 1783 2567; x_wconf 87' lang='lat' dir='ltr'><strong>diebus,</strong></span> <span class='ocrx_word' id='word_1_102' title='bbox 1835 2537 1987 2555; x_wconf 94' lang='grc'><strong>.....</strong></span> <span class='ocrx_word' id='word_1_103' title='bbox 2157 2481 2202 2556; x_wconf 92' lang='lat' dir='ltr'><strong>II.</strong></span> 
     </span>
    </p>
   </div>
   <div class='ocr_carea' id='block_1_3' title="bbox 791 2597 2203 2806">
    <p class='ocr_par' dir='ltr' id='par_1_3' title="bbox 791 2597 2203 2806">
     <span class='ocr_line' id='line_1_16' title="bbox 791 2597 2203 2699; baseline 0.001 -26"><span class='ocrx_word' id='word_1_104' title='bbox 791 2599 1037 2678; x_wconf 88' lang='lat' dir='ltr'><strong>Oeconomiam</strong></span> <span class='ocrx_word' id='word_1_105' title='bbox 1063 2598 1260 2699; x_wconf 90' lang='lat' dir='ltr'><strong>politicam,</strong></span> <span class='ocrx_word' id='word_1_106' title='bbox 1285 2597 1341 2672; x_wconf 87' lang='lat' dir='ltr'><strong>die</strong></span> <span class='ocrx_word' id='word_1_107' title='bbox 1365 2598 1481 2687; x_wconf 76' lang='lat' dir='ltr'><strong>lovis,</strong></span> <span class='ocrx_word' id='word_1_108' title='bbox 1513 2653 1988 2676; x_wconf 88' lang='grc'><strong>..............</strong></span> <span class='ocrx_word' id='word_1_109' title='bbox 2054 2601 2073 2674; x_wconf 94' lang='lat'>1</span> <span class='ocrx_word' id='word_1_110' title='bbox 2099 2607 2135 2674; x_wconf 92' lang='lat' dir='ltr'><strong>et</strong></span> <span class='ocrx_word' id='word_1_111' title='bbox 2157 2601 2203 2674; x_wconf 94' lang='grc' dir='ltr'><strong>Π.</strong></span> 
     </span>
     <span class='ocr_line' id='line_1_17' title="bbox 886 2717 2200 2806; baseline 0.001 -14"><span class='ocrx_word' id='word_1_112' title='bbox 886 2727 922 2794; x_wconf 89' lang='lat' dir='ltr'><strong>et</strong></span> <span class='ocrx_word' id='word_1_113' title='bbox 945 2717 1001 2792; x_wconf 91' lang='lat' dir='ltr'><strong>die</strong></span> <span class='ocrx_word' id='word_1_114' title='bbox 1025 2717 1170 2793; x_wconf 85' lang='lat' dir='ltr'><strong>Veneris</strong></span> <span class='ocrx_word' id='word_1_115' title='bbox 1179 2771 1986 2806; x_wconf 90' lang='grc'><strong>.......................</strong></span> <span class='ocrx_word' id='word_1_116' title='bbox 2051 2719 2071 2792; x_wconf 95' lang='lat' dir='ltr'><strong>I</strong></span> <span class='ocrx_word' id='word_1_117' title='bbox 2096 2726 2132 2793; x_wconf 88' lang='lat' dir='ltr'><strong>at</strong></span> <span class='ocrx_word' id='word_1_118' title='bbox 2154 2719 2200 2793; x_wconf 91' lang='grc' dir='ltr'><strong>Π.</strong></span> 
     </span>
    </p>
   </div>
   <div class='ocr_carea' id='block_1_4' title="bbox 1149 2951 1749 3034">
    <p class='ocr_par' dir='ltr' id='par_1_4' title="bbox 1149 2951 1749 3034">
     <span class='ocr_line' id='line_1_18' title="bbox 1149 2951 1749 3034; baseline 0.002 -5"><span class='ocrx_word' id='word_1_119' title='bbox 1149 2955 1396 3034; x_wconf 75' lang='lat' dir='ltr'><strong>FACUL&#39;IAS</strong></span> <span class='ocrx_word' id='word_1_120' title='bbox 1420 2951 1749 3030; x_wconf 77' lang='lat' dir='ltr'><strong>THEODOGIGA.</strong></span> 
     </span>
    </p>
   </div>
   <div class='ocr_carea' id='block_1_5' title="bbox 692 3193 2199 4956">
    <p class='ocr_par' dir='ltr' id='par_1_5' title="bbox 692 3193 2199 4956">
     <span class='ocr_line' id='line_1_19' title="bbox 692 3193 1988 3292; baseline 0.005 -28"><span class='ocrx_word' id='word_1_121' title='bbox 692 3193 750 3266; x_wconf 91' lang='lat' dir='ltr'><strong>W.</strong></span> <span class='ocrx_word' id='word_1_122' title='bbox 781 3193 825 3266; x_wconf 84' lang='grc' dir='ltr'><strong>Α.</strong></span> <span class='ocrx_word' id='word_1_123' title='bbox 859 3215 933 3266; x_wconf 78' lang='lat' dir='ltr'><strong>vau</strong></span> <span class='ocrx_word' id='word_1_124' title='bbox 965 3193 1145 3282; x_wconf 78' lang='lat' dir='ltr'><strong>Harena,</strong></span> <span class='ocrx_word' id='word_1_125' title='bbox 1179 3201 1357 3292; x_wconf 86' lang='lat' dir='ltr'><strong>provectae</strong></span> <span class='ocrx_word' id='word_1_126' title='bbox 1393 3193 1518 3268; x_wconf 88' lang='lat' dir='ltr'><strong>aetatis</strong></span> <span class='ocrx_word' id='word_1_127' title='bbox 1554 3197 1658 3268; x_wconf 77' lang='lat' dir='ltr'><strong>causa</strong></span> <span class='ocrx_word' id='word_1_128' title='bbox 1692 3195 1779 3268; x_wconf 90' lang='lat' dir='ltr'><strong>rude</strong></span> <span class='ocrx_word' id='word_1_129' title='bbox 1817 3194 1988 3284; x_wconf 88' lang='lat' dir='ltr'><strong>donatus,</strong></span> 
     </span>
     <span class='ocr_line' id='line_1_20' title="bbox 700 3311 1987 3416; baseline 0.004 -30"><span class='ocrx_word' id='word_1_130' title='bbox 700 3413 701 3416; x_wconf 4' lang='grc' dir='ltr'><strong>Ἴ</strong></span> <span class='ocrx_word' id='word_1_131' title='bbox 742 3318 913 3410; x_wconf 89' lang='lat' dir='ltr'><strong>quantum</strong></span> <span class='ocrx_word' id='word_1_132' title='bbox 945 3337 1007 3411; x_wconf 91' lang='lat' dir='ltr'><strong>per</strong></span> <span class='ocrx_word' id='word_1_133' title='bbox 1046 3313 1134 3386; x_wconf 86' lang='lat' dir='ltr'><strong>vires</strong></span> <span class='ocrx_word' id='word_1_134' title='bbox 1168 3311 1308 3400; x_wconf 86' lang='lat' dir='ltr'><strong>licebit,</strong></span> <span class='ocrx_word' id='word_1_135' title='bbox 1337 3313 1547 3388; x_wconf 85' lang='lat' dir='ltr'><strong>Academiae</strong></span> <span class='ocrx_word' id='word_1_136' title='bbox 1571 3311 1722 3386; x_wconf 85' lang='lat' dir='ltr'><strong>alumnia</strong></span> <span class='ocrx_word' id='word_1_137' title='bbox 1744 3313 1907 3412; x_wconf 85' lang='lat' dir='ltr'><strong>prodesse</strong></span> <span class='ocrx_word' id='word_1_138' title='bbox 1932 3340 1987 3390; x_wconf 92' lang='lat' dir='ltr'><strong>oo·</strong></span> 
     </span>
     <span class='ocr_line' id='line_1_21' title="bbox 741 3431 890 3508; baseline 0.027 -4"><span class='ocrx_word' id='word_1_139' title='bbox 741 3431 890 3508; x_wconf 91' lang='lat' dir='ltr'><strong>nabitur.</strong></span> 
     </span>
     <span class='ocr_line' id='line_1_22' title="bbox 790 3549 1987 3651; baseline 0.005 -27"><span class='ocrx_word' id='word_1_140' title='bbox 790 3551 880 3625; x_wconf 84' lang='lat' dir='ltr'><strong>Cum</strong></span> <span class='ocrx_word' id='word_1_141' title='bbox 915 3549 1120 3648; x_wconf 82' lang='lat' dir='ltr'><strong>&#39;lheologiae</strong></span> <span class='ocrx_word' id='word_1_142' title='bbox 1160 3550 1324 3625; x_wconf 84' lang='lat' dir='ltr'><strong>studiosis</strong></span> <span class='ocrx_word' id='word_1_143' title='bbox 1365 3551 1635 3651; x_wconf 86' lang='lat' dir='ltr'><strong>provectioribus</strong></span> <span class='ocrx_word' id='word_1_144' title='bbox 1669 3549 1714 3624; x_wconf 93' lang='lat' dir='ltr'><strong>de</strong></span> <span class='ocrx_word' id='word_1_145' title='bbox 1749 3551 1849 3626; x_wconf 88' lang='lat' dir='ltr'><strong>variis</strong></span> <span class='ocrx_word' id='word_1_146' title='bbox 1882 3552 1987 3629; x_wconf 87' lang='lat' dir='ltr'><strong>rebus</strong></span> 
     </span>
     <span class='ocr_line' id='line_1_23' title="bbox 836 3669 2199 3776; baseline 0.005 -33"><span class='ocrx_word' id='word_1_147' title='bbox 836 3669 999 3767; x_wconf 81' lang='lat' dir='ltr'><strong>gravioris</strong></span> <span class='ocrx_word' id='word_1_148' title='bbox 1022 3671 1218 3768; x_wconf 82' lang='lat' dir='ltr'><strong>argumenti</strong></span> <span class='ocrx_word' id='word_1_149' title='bbox 1241 3669 1453 3745; x_wconf 83' lang='lat' dir='ltr'><strong>familiariter</strong></span> <span class='ocrx_word' id='word_1_150' title='bbox 1479 3671 1713 3769; x_wconf 89' lang='lat' dir='ltr'><strong>colloquetur,</strong></span> <span class='ocrx_word' id='word_1_151' title='bbox 1738 3669 1795 3744; x_wconf 93' lang='lat' dir='ltr'><strong>die</strong></span> <span class='ocrx_word' id='word_1_152' title='bbox 1817 3669 1985 3762; x_wconf 86' lang='lat' dir='ltr'><strong>Veneris,</strong></span> <span class='ocrx_word' id='word_1_153' title='bbox 2051 3673 2103 3750; x_wconf 90' lang='lat' dir='ltr'><strong>VI</strong></span> <span class='ocrx_word' id='word_1_154' title='bbox 2128 3700 2199 3776; x_wconf 88' lang='lat' dir='ltr'><strong>sqq.</strong></span> 
     </span>
     <span class='ocr_line' id='line_1_24' title="bbox 692 3785 1984 3886; baseline 0.004 -24"><span class='ocrx_word' id='word_1_155' title='bbox 692 3790 738 3862; x_wconf 92' lang='lat' dir='ltr'><strong>N.</strong></span> <span class='ocrx_word' id='word_1_156' title='bbox 765 3789 805 3862; x_wconf 87' lang='grc' dir='ltr'><strong>Ο.</strong></span> <span class='ocrx_word' id='word_1_157' title='bbox 833 3788 926 3862; x_wconf 88' lang='lat' dir='ltr'><strong>Krsr</strong></span> <span class='ocrx_word' id='word_1_158' title='bbox 955 3787 1146 3862; x_wconf 86' lang='lat' dir='ltr'><strong>Historiam</strong></span> <span class='ocrx_word' id='word_1_159' title='bbox 1183 3785 1458 3862; x_wconf 80' lang='lat' dir='ltr'><strong>Ecclesiastiram</strong></span> <span class='ocrx_word' id='word_1_160' title='bbox 1489 3787 1628 3862; x_wconf 86' lang='lat' dir='ltr'><strong>docebit</strong></span> <span class='ocrx_word' id='word_1_161' title='bbox 1662 3787 1833 3886; x_wconf 91' lang='lat' dir='ltr'><strong>imprimis</strong></span> <span class='ocrx_word' id='word_1_162' title='bbox 1868 3813 1984 3866; x_wconf 89' lang='lat' dir='ltr'><strong>recen·</strong></span> 
     </span>
     <span class='ocr_line' id='line_1_25' title="bbox 742 3904 2197 3995; baseline 0.005 -15"><span class='ocrx_word' id='word_1_163' title='bbox 742 3907 880 3994; x_wconf 87' lang='lat' dir='ltr'><strong>tiaram,</strong></span> <span class='ocrx_word' id='word_1_164' title='bbox 906 3904 1029 3981; x_wconf 88' lang='lat' dir='ltr'><strong>diebus</strong></span> <span class='ocrx_word' id='word_1_165' title='bbox 1051 3907 1192 3994; x_wconf 89' lang='lat' dir='ltr'><strong>Lunae,</strong></span> <span class='ocrx_word' id='word_1_166' title='bbox 1215 3905 1340 3980; x_wconf 89' lang='lat' dir='ltr'><strong>Martis</strong></span> <span class='ocrx_word' id='word_1_167' title='bbox 1365 3913 1401 3979; x_wconf 90' lang='lat' dir='ltr'><strong>et</strong></span> <span class='ocrx_word' id='word_1_168' title='bbox 1424 3905 1612 3995; x_wconf 89' lang='lat' dir='ltr'><strong>Mercurii,</strong></span> <span class='ocrx_word' id='word_1_169' title='bbox 1648 3961 1980 3986; x_wconf 92' lang='grc'><strong>..........</strong></span> <span class='ocrx_word' id='word_1_170' title='bbox 2117 3911 2197 3987; x_wconf 90' lang='lat' dir='ltr'><strong>XII.</strong></span> 
     </span>
     <span class='ocr_line' id='line_1_26' title="bbox 791 4023 1982 4124; baseline 0.005 -25"><span class='ocrx_word' id='word_1_171' title='bbox 791 4025 1005 4099; x_wconf 86' lang='lat' dir='ltr'><strong>Christianae</strong></span> <span class='ocrx_word' id='word_1_172' title='bbox 1031 4025 1172 4100; x_wconf 92' lang='lat' dir='ltr'><strong>Morum</strong></span> <span class='ocrx_word' id='word_1_173' title='bbox 1200 4023 1411 4123; x_wconf 91' lang='lat' dir='ltr'><strong>Disciplinae</strong></span> <span class='ocrx_word' id='word_1_174' title='bbox 1444 4033 1579 4124; x_wconf 89' lang='lat' dir='ltr'><strong>partem</strong></span> <span class='ocrx_word' id='word_1_175' title='bbox 1610 4033 1758 4124; x_wconf 89' lang='lat' dir='ltr'><strong>exponet</strong></span> <span class='ocrx_word' id='word_1_176' title='bbox 1785 4025 1982 4105; x_wconf 84' lang='lat' dir='ltr'><strong>historicam</strong></span> 
     </span>
     <span class='ocr_line' id='line_1_27' title="bbox 838 4143 2197 4235; baseline 0.006 -17"><span class='ocrx_word' id='word_1_177' title='bbox 838 4150 874 4218; x_wconf 91' lang='lat' dir='ltr'><strong>et</strong></span> <span class='ocrx_word' id='word_1_178' title='bbox 895 4143 1136 4232; x_wconf 90' lang='lat' dir='ltr'><strong>theoreticam,</strong></span> <span class='ocrx_word' id='word_1_179' title='bbox 1162 4143 1285 4218; x_wconf 89' lang='lat' dir='ltr'><strong>diebus</strong></span> <span class='ocrx_word' id='word_1_180' title='bbox 1308 4143 1450 4232; x_wconf 87' lang='lat' dir='ltr'><strong>Lunae,</strong></span> <span class='ocrx_word' id='word_1_181' title='bbox 1475 4143 1642 4219; x_wconf 92' lang='lat' dir='ltr'><strong>Mercurii</strong></span> <span class='ocrx_word' id='word_1_182' title='bbox 1664 4151 1701 4218; x_wconf 91' lang='lat' dir='ltr'><strong>et</strong></span> <span class='ocrx_word' id='word_1_183' title='bbox 1724 4143 1888 4235; x_wconf 87' lang='lat' dir='ltr'><strong>Veneris,</strong></span> <span class='ocrx_word' id='word_1_184' title='bbox 1937 4205 1946 4223; x_wconf 95' lang='lat'><strong>.</strong></span> <span class='ocrx_word' id='word_1_185' title='bbox 1973 4207 1981 4224; x_wconf 93' lang='lat'><strong>.</strong></span> <span class='ocrx_word' id='word_1_186' title='bbox 2137 4149 2197 4228; x_wconf 89' lang='lat' dir='ltr'><strong>XI.</strong></span> 
     </span>
     <span class='ocr_line' id='line_1_28' title="bbox 788 4262 1985 4362; baseline 0.003 -24"><span class='ocrx_word' id='word_1_187' title='bbox 788 4262 973 4338; x_wconf 88' lang='lat' dir='ltr'><strong>Doctrinae</strong></span> <span class='ocrx_word' id='word_1_188' title='bbox 1005 4271 1042 4338; x_wconf 89' lang='lat' dir='ltr'><strong>et</strong></span> <span class='ocrx_word' id='word_1_189' title='bbox 1072 4263 1286 4362; x_wconf 80' lang='lat' dir='ltr'><strong>Dogmatum</strong></span> <span class='ocrx_word' id='word_1_190' title='bbox 1319 4263 1593 4338; x_wconf 85' lang='lat' dir='ltr'><strong>Christianorum</strong></span> <span class='ocrx_word' id='word_1_191' title='bbox 1630 4263 1823 4340; x_wconf 84' lang='lat' dir='ltr'><strong>Historiam</strong></span> <span class='ocrx_word' id='word_1_192' title='bbox 1848 4266 1985 4357; x_wconf 87' lang='lat' dir='ltr'><strong>tradat,</strong></span> 
     </span>
     <span class='ocr_line' id='line_1_29' title="bbox 835 4381 2197 4470; baseline 0.004 -15"><span class='ocrx_word' id='word_1_193' title='bbox 835 4382 958 4456; x_wconf 91' lang='lat' dir='ltr'><strong>diebus</strong></span> <span class='ocrx_word' id='word_1_194' title='bbox 981 4381 1077 4457; x_wconf 84' lang='lat' dir='ltr'><strong>Jovis</strong></span> <span class='ocrx_word' id='word_1_195' title='bbox 1101 4391 1137 4456; x_wconf 87' lang='lat' dir='ltr'><strong>et</strong></span> <span class='ocrx_word' id='word_1_196' title='bbox 1161 4381 1325 4470; x_wconf 83' lang='lat' dir='ltr'><strong>Veneris,</strong></span> <span class='ocrx_word' id='word_1_197' title='bbox 1359 4439 1981 4462; x_wconf 88' lang='grc'><strong>..................</strong></span> <span class='ocrx_word' id='word_1_198' title='bbox 2115 4386 2197 4463; x_wconf 90' lang='lat' dir='ltr'><strong>XII.</strong></span> 
     </span>
     <span class='ocr_line' id='line_1_30' title="bbox 787 4501 1986 4602; baseline 0.002 -24"><span class='ocrx_word' id='word_1_199' title='bbox 787 4501 962 4578; x_wconf 89' lang='lat' dir='ltr'><strong>Historiae</strong></span> <span class='ocrx_word' id='word_1_200' title='bbox 994 4501 1252 4576; x_wconf 80' lang='lat' dir='ltr'><strong>Ecclesiasticae</strong></span> <span class='ocrx_word' id='word_1_201' title='bbox 1285 4501 1421 4580; x_wconf 84' lang='lat' dir='ltr'><strong>Veteris</strong></span> <span class='ocrx_word' id='word_1_202' title='bbox 1463 4511 1689 4578; x_wconf 88' lang='lat' dir='ltr'><strong>monumenta</strong></span> <span class='ocrx_word' id='word_1_203' title='bbox 1720 4511 1888 4602; x_wconf 87' lang='lat' dir='ltr'><strong>exponet,</strong></span> <span class='ocrx_word' id='word_1_204' title='bbox 1927 4505 1986 4580; x_wconf 91' lang='lat' dir='ltr'><strong>die</strong></span> 
     </span>
     <span class='ocr_line' id='line_1_31' title="bbox 831 4621 2197 4710; baseline 0.004 -15"><span class='ocrx_word' id='word_1_205' title='bbox 831 4621 976 4710; x_wconf 88' lang='lat' dir='ltr'><strong>Martis,</strong></span> <span class='ocrx_word' id='word_1_206' title='bbox 1029 4671 1981 4701; x_wconf 85' lang='grc'><strong>...........................</strong></span> <span class='ocrx_word' id='word_1_207' title='bbox 2135 4624 2197 4702; x_wconf 79' lang='lat' dir='ltr'><strong>xl.</strong></span> 
     </span>
     <span class='ocr_line' id='line_1_32' title="bbox 787 4737 2196 4837; baseline 0.003 -22"><span class='ocrx_word' id='word_1_208' title='bbox 787 4737 1181 4837; x_wconf 82' lang='lat' dir='ltr'><strong>Exercitiadisputandi</strong></span> <span class='ocrx_word' id='word_1_209' title='bbox 1203 4738 1457 4830; x_wconf 88' lang='lat' dir='ltr'><strong>moderabitur,</strong></span> <span class='ocrx_word' id='word_1_210' title='bbox 1481 4741 1537 4815; x_wconf 91' lang='lat' dir='ltr'><strong>die</strong></span> <span class='ocrx_word' id='word_1_211' title='bbox 1562 4741 1722 4830; x_wconf 89' lang='lat' dir='ltr'><strong>Saturni,</strong></span> <span class='ocrx_word' id='word_1_212' title='bbox 1754 4799 1979 4822; x_wconf 90' lang='grc'><strong>.......</strong></span> <span class='ocrx_word' id='word_1_213' title='bbox 2150 4745 2196 4820; x_wconf 90' lang='lat'><strong>11.</strong></span> 
     </span>
     <span class='ocr_line' id='line_1_33' title="bbox 788 4855 2196 4956; baseline 0.004 -25"><span class='ocrx_word' id='word_1_214' title='bbox 788 4856 1011 4935; x_wconf 89' lang='lat' dir='ltr'><strong>Orationibus</strong></span> <span class='ocrx_word' id='word_1_215' title='bbox 1036 4856 1147 4932; x_wconf 88' lang='lat' dir='ltr'><strong>Sacris</strong></span> <span class='ocrx_word' id='word_1_216' title='bbox 1170 4855 1338 4956; x_wconf 80' lang='lat' dir='ltr'><strong>praeerit,</strong></span> <span class='ocrx_word' id='word_1_217' title='bbox 1363 4855 1420 4933; x_wconf 89' lang='lat' dir='ltr'><strong>die</strong></span> <span class='ocrx_word' id='word_1_218' title='bbox 1443 4857 1568 4934; x_wconf 87' lang='lat' dir='ltr'><strong>Martis</strong></span> <span class='ocrx_word' id='word_1_219' title='bbox 1577 4915 1982 4948; x_wconf 84' lang='grc'><strong>............</strong></span> <span class='ocrx_word' id='word_1_220' title='bbox 2149 4863 2196 4938; x_wconf 90' lang='grc' dir='ltr'><strong>Π.</strong></span> 
     </span>
    </p>
   </div>
   <div class='ocr_carea' id='block_1_6' title="bbox 0 0 2450 6184">
    <p class='ocr_par' dir='ltr' id='par_1_6' title="bbox 0 0 2450 6184">
     <span class='ocr_line' id='line_1_34' title="bbox 0 0 2450 6184; baseline 0 1"><span class='ocrx_word' id='word_1_221' title='bbox 0 0 2450 6184; x_wconf 95' lang='lat' dir='ltr'><strong> </strong></span> 
     </span>
    </p>
   </div>
  </div>
 </body>
</html>
