4986 6200
884 701 1161 772 ouar10.
1258 705 1266 730 *
1738 709 1780 776 51
1938 777 1943 786 .

265 935 355 1012 quae
389 911 463 990 sola
496 911 570 988 dux
602 933 678 988 csse
706 917 743 986 et
771 933 895 1008 passus
928 935 1046 1012 regere
1082 914 1217 1008 potest,
1246 909 1424 986 attendere
1454 933 1563 1009 paene
1587 911 1777 1012 negligant.

265 1031 424 1108 Humani
460 1029 592 1130 ingenii
628 1030 873 1129 praestandam
903 1029 1119 1136 admirantur
1155 1035 1191 1103 et
1225 1028 1387 1104 laudibus
1422 1029 1590 1122 efferunt,
1623 1033 1779 1132 quidque

265 1151 393 1228 mentis
419 1149 643 1227 facultatibus
672 1173 841 1249 magnum
871 1155 908 1226 et
932 1149 1144 1248 praeclarum
1172 1155 1367 1247 praestatur
1391 1158 1454 1226 aut
1478 1151 1643 1242 efficitur,
1667 1177 1777 1252 quan·

265 1279 411 1370 tumque
435 1295 553 1346 rerum
577 1268 805 1369 mutugenna
837 1268 950 1366 magis
976 1267 1158 1370 magisque
1184 1267 1338 1342 valemus
1358 1269 1396 1344 in
1422 1269 1681 1369 disciplinarum
1705 1299 1778 1350 ma·

264 1390 349 1466 terie
382 1389 507 1466 melius
538 1389 797 1490 pertractanda,
832 1395 869 1464 ct
898 1388 936 1461 in
965 1387 1172 1488 cognitionis
1206 1386 1342 1462 ambitu
1367 1387 1566 1478 dilatando,
1596 1392 1712 1490 palam
1742 1401 1778 1468 et

264 1509 402 1584 abunde
436 1509 645 1610 praedicant.
704 1509 775 1584 Sed
810 1531 982 1608 quaenam
1018 1508 1087 1584 sint
1118 1507 1197 1582 illae
1229 1506 1409 1582 facultates
1436 1514 1474 1582 et
1496 1506 1603 1596 vires,
1622 1554 1674 1572 -
1691 1537 1777 1610 quo·

263 1629 368 1703 modo
395 1637 519 1728 agant,
555 1629 641 1728 quid
664 1629 832 1717 efficiant,
855 1671 904 1686 -
924 1628 1011 1726 quid
1035 1629 1080 1704 sit
1107 1635 1198 1704 recte
1221 1651 1445 1726 cognoscere,
1478 1633 1513 1700 et
1540 1626 1697 1704 absolute
1718 1657 1774 1706 oo·

263 1771 447 1846 gnoscere,
469 1790 520 1808 -
545 1747 632 1845 quid
655 1747 764 1837 illud,
798 1748 893 1846 quod
915 1747 1131 1845 systematiet
1157 1755 1192 1821 et
1216 1746 1458 1822 mathematica
1479 1745 1611 1822 ratione
1633 1773 1776 1848 cognos-

262 1891 338 1940 cere
377 1866 530 1955 dicatur,
558 1866 718 1964 -quid
746 1866 783 1940 in
820 1891 899 1940 vero
929 1866 1127 1965 indagando
1157 1866 1202 1940 sit
1230 1865 1504 1954 observandum,
1528 1867 1721 1943 cavendum
1743 1878 1779 1944 et

266 1984 469 2073 vitandum,
493 2024 544 2044 -
567 1984 668 2084 juxta
696 2009 867 2082 quaenam
889 2009 990 2084 portu
1015 1992 1212 2084 praecepta,
1238 1985 1354 2059 stricte
1378 1985 1571 2084 sequenda,
1596 1987 1641 2061 ad
1661 1990 1778 2088 cogni·

264 2104 394 2180 donem
428 2103 621 2202 subdiorem
650 2103 886 2202 perfectiorem
918 2112 954 2178 et
990 2104 1189 2203 ampliorem
1221 2104 1458 2202 perveniatur,
1492 2147 1542 2164 -
1574 2113 1776 2207 caeteraque

260 2222 451 2322 ejusmodi,
486 2266 537 2280 —
568 2246 633 2298 nec
666 2222 955 2312 animadvertere,
988 2247 1051 2300 nee
1079 2223 1249 2322 cogitare,
1274 2223 1485 2322 minimeque
1510 2249 1691 2324 quaerere,
1715 2238 1779 2304 aut

260 2343 317 2416 vix
349 2367 468 2420 curare
503 2351 539 2418 et
573 2342 675 2441 plane
707 2342 956 2440 praetervidere
973 2343 1158 2420 'videntm
1209 2345 1311 2420 Quae
1341 2343 1445 2419 siita
1471 2351 1606 2434 essent,
1638 2353 1778 2422 tantum

261 2461 404 2558 quidem
434 2462 555 2538 abesse
587 2467 724 2562 posset,
749 2469 789 2536 ut
816 2461 1092 2566 disciplinarum,
1116 2461 1286 2561 imprimis
1307 2463 1650 2553 mathematicorum,
1675 2466 1779 2541 ratio·

259 2605 340 2656 nem
378 2582 546 2681 optimam
586 2582 806 2680 maximeque
841 2581 1029 2680 perfectam
1061 2589 1097 2656 et
1125 2581 1338 2670 absolutam,
1370 2582 1556 2682 ipsumque
1589 2586 1779 2660 earundem
1839 2649 1844 2658 .

261 2701 434 2778 ambitum
467 2702 720 2802 amplissimum
754 2702 1023 2790 admiraremur,
1048 2708 1089 2776 ut
1109 2701 1226 2800 potius
1251 2702 1474 2799 quamplures
1499 2711 1614 2800 partes
1640 2730 1779 2780 accura-

258 2819 329 2894 tius
363 2827 589 2919 pertractatas
621 2829 658 2896 et
692 2820 937 2906 conformatas,
974 2819 1090 2918 aptius
1128 2818 1311 2918 dispositas
1352 2820 1549 2918 arctiusque
1584 2847 1778 2913 connexas,

259 2937 414 3037 itemque
442 2939 554 3038 magis
586 2939 832 3038 amplificatas,
865 2945 1063 3036 optaremus
1095 2943 1132 3012 et
1158 2937 1442 3014 desideraremus.
1492 2939 1558 3014 Vel
1591 2941 1714 3030 etiam,
1748 2944 1779 3018 si

259 3057 463 3131 festinanter
491 3057 577 3132 adeo
599 3064 635 3129 et
657 3063 807 3144 temere,
832 3081 896 3130 nec
923 3057 1018 3130 omni
1039 3055 1181 3130 consilio
1202 3062 1238 3128 et
1260 3057 1442 3146 cautione,
1467 3064 1503 3132 et
1526 3058 1658 3158 absque
1678 3061 1776 3159 justo

258 3176 495 3251 moderamine
517 3201 579 3250 seu
602 3173 838 3274 gubemaculo
858 3175 903 3250 sit
920 3173 1231 3277 progrediendum,
1254 3173 1322 3248 ista
1339 3175 1482 3273 quidem
1502 3178 1591 3251 ratio
1611 3181 1775 3276 proficere

257 3319 399 3394 partim,
424 3295 493 3371 nisi
515 3295 595 3394 plus
620 3318 742 3370 nocere
768 3319 876 3393 quam
899 3293 1082 3394 prodesse,
1106 3299 1232 3391 posset.
1282 3295 1373 3368 Tum
1395 3319 1495 3384 vero,
1522 3303 1562 3370 ut
1583 3295 1665 3371 huic
1691 3299 1774 3376 vitio

124 3449 130 3458 ·
259 3415 474 3503 mederetur,
499 3415 700 3512 malumque
722 3414 812 3490 illud
836 3415 891 3490 vel
909 3414 1005 3490 labes
1025 3439 1065 3490 ac
1087 3413 1222 3488 macula
1246 3413 1503 3502 extraheretur,
1527 3415 1639 3491 multa
1659 3427 1775 3494 essent

257 3534 493 3622 retractanda,
525 3533 729 3621 reficienda,
765 3533 1021 3621 restauranda,
1039 3531 1220 3630 omnisque
1256 3556 1359 3630 opera
1392 3541 1428 3606 et
1453 3533 1625 3610 industria
1648 3535 1686 3610 in
1709 3537 1775 3612 hoc

257 3652 334 3752 ipso
366 3651 569 3751 gravissimo
603 3651 743 3751 negotio
777 3651 986 3751 perficiendo
1020 3657 1135 3726 essent
1158 3651 1394 3739 cobooandae,
1420 3659 1456 3726 et
1482 3651 1558 3751 ipsa
1580 3656 1775 3753 progressio

257 3770 514 3870 aliquantulum
533 3769 778 3870 impedienda,
802 3777 864 3846 aut
886 3771 1073 3869 paullisper
1089 3770 1287 3859 retinenda,
1316 3769 1384 3844 nisi
1402 3769 1490 3846 forte
1519 3773 1775 3870 quodammodo

256 3890 503 3966 interdicenda.
1093 3885 1098 3896 ’

306 4010 415 4098 Mihi,
456 4010 540 4085 baec
574 4009 751 4110 reputanti
779 4008 985 4108 saepiusque
1015 4008 1131 4087 animo
1164 4015 1201 4084 et
1232 4009 1440 4108 cogitatione
1474 4011 1643 4100 volventi,
1679 4013 1773 4088 haud

256 4137 386 4204 temere
420 4154 484 4204 nec
513 4129 766 4204 inconsiderate
798 4127 994 4204 existimare
1020 4127 1180 4216 videbar,
1212 4128 1243 4202 si
1261 4132 1393 4226 juetam
1421 4157 1599 4230 ueramque
1614 4141 1774 4229 pertrac-

257 4252 355 4324 tandi
382 4257 418 4324 et
443 4251 670 4349 investigandi
699 4249 863 4322 rationem
888 4251 1155 4345 mammeam,
1184 4250 1221 4322 ia
1245 4251 1496 4346 daeplinaram
1522 4251 1772 4326 mathematica·

256 4393 330 4442 rum
341 4371 626 4467 ,reficiendarum
645 4375 681 4442 et
700 4368 1008 4465 cmplpfccndorum
1025 4369 1154 4454 studio,
1167 4369 1267 4442 nimia
1280 4391 1352 4442 esee
1369 4371 1551 4468 neglectam
1567 4369 1773 4467 judicarem.

257 4486 358 4561 Idem
396 4495 514 4562 antem
547 4487 577 4562 si
611 4485 670 4562 hle
704 4485 948 4584 prommtiem,
982 4483 1050 4562 nisi
1078 4485 1266 4585 probavero
1298 4493 1360 4560 aut
1390 4488 1591 4577 ostendero,
1620 4496 1771 4565 atcerte

257 4605 358 4680 decet
380 4614 420 4680 ut
442 4607 611 4682 declarem
632 4613 668 4681 et
689 4605 945 4704 quodammodo
965 4605 1152 4704 explicem,
1178 4630 1266 4704 quae
1288 4606 1429 4682 tandem
1447 4607 1506 4682 illa
1528 4607 1617 4696 sint,
1641 4608 1770 4706 quibus

256 4724 294 4799 in
317 4725 413 4800 illam
436 4725 632 4824 opinionem
656 4725 817 4802 adducar.

132 4891 136 4900 ·
188 4858 199 4896 ⁸
306 4845 549 4944 Quapropter,
583 4869 664 4920 curn
695 4869 738 4920 ex
770 4844 946 4945 Majorum
979 4843 1162 4936 instituto,
1195 4845 1259 4921 hdo
1293 4847 1369 4947 ipsd
1403 4846 1629 4936 solennitate,
1668 4847 1773 4924 verba

194 4965 197 4973 r
1530 4969 1580 5046 7*
