4986 6200
923 695 1200 764 ouau10.
1777 695 1818 762 19

301 905 336 980 ei
372 928 532 980 concessa
568 909 636 989 est,
681 901 781 999 eique
814 883 1020 1000 ⁴dignissime
1058 904 1221 978 successit
1255 901 1318 975 Vir
1357 899 1576 976 Clarissimus
1616 902 1818 978 Gauianus

306 1026 507 1100 Goumara
533 1023 757 1096 Banuanuos
783 1015 997 1109 Suaruaau,
1023 1048 1063 1097 eo
1090 1029 1244 1119 tempore
1263 1022 1300 1094 in
1323 1020 1456 1094 Illustri
1479 1019 1658 1094 Athenaeo
1679 1021 1818 1095 Amstc·

302 1143 497 1219 lodamensi
526 1139 722 1216 Medicinae
761 1139 931 1238 practicae
961 1140 1136 1215 Professor
1169 1139 1371 1216 ordinarius.
1423 1139 1545 1212 Otium
1576 1163 1653 1215 vere
1687 1139 1721 1214 ei
1751 1140 1819 1214 fuit

306 1265 501 1350 literatum3
538 1259 757 1335 classicorum
788 1282 938 1356 namque
975 1259 1179 1357 scriptorum
1213 1257 1329 1332 studio
1360 1256 1603 1333 delectabatur.
1661 1260 1736 1332 Nec
1767 1257 1818 1332 illi

303 1379 534 1479 cognoscendi
557 1379 774 1476 aciandique,
799 1400 869 1474 quo
895 1401 1029 1476 semper
1050 1379 1232 1476 flagramt,
1259 1375 1367 1450 amori
1388 1375 1568 1473 indulgere
1597 1377 1720 1466 desiit,
1746 1402 1816 1474 quo

301 1499 471 1574 rationem
502 1499 734 1596 modumque,
769 1493 897 1594 quibus
928 1521 982 1570 ars
1006 1478 1139 1572 medica
1168 1495 1206 1569 in
1235 1494 1336 1568 variis
1364 1493 1530 1568 tractibus
1554 1495 1813 1591 perficiebatur,

299 1619 571 1694 animadvertere
602 1625 638 1691 et
667 1638 871 1714 cognoscere
904 1615 1078 1714 pergebat.
1130 1615 1200 1689 Sed
1227 1615 1346 1688 decem
1373 1612 1559 1687 senectutis
1582 1612 1710 1686 otiosae
1731 1615 1815 1688 anni

300 1762 369 1812 non
396 1761 516 1810 omncs
535 1736 569 1809 ei
594 1735 709 1809 felices
733 1733 885 1809 fuerunt.
933 1735 1082 1808 Duobus
1102 1759 1252 1832 namque
1280 1732 1470 1832 supremis,
1496 1756 1576 1806 cum
1603 1731 1692 1806 vitae
1719 1731 1813 1806 labo·

300 1854 506 1930 riosissimae
528 1853 832 1952 defatigationibus
856 1878 964 1952 paene
986 1862 1189 1928 consumtus
1210 1863 1320 1940 esset,
1345 1851 1508 1948 visusque
1527 1858 1563 1924 et
1585 1847 1726 1925 auditds
1747 1875 1815 1926 usu
1840 1867 1843 1871 ’

298 1975 410 2072 magis
457 1973 639 2072 magisque
681 1973 880 2061 deficiente,
923 1972 1114 2072 grandioris
1152 1972 1274 2046 aetatis
1313 1971 1539 2048 incommodis
1577 1981 1613 2046 et
1648 1972 1813 2047 molestiis

297 2095 449 2192 graviter
472 2091 702 2191 premebatur.

926 2363 1188 2378 φ*-

351 2551 1810 2670 SesquimansepostMrcooranrobitumvixpraeterlapso(daummijialaua),

296 2714 375 2764 ecce
408 2689 446 2763 in
478 2714 566 2764 novo
590 2689 689 2764 luctu
723 2713 879 2778 eramus,
910 2690 956 2763 ob
984 2695 1131 2762 mortem
1158 2687 1234 2762 Viri
1260 2687 1471 2777 Clarissimi,
1494 2686 1658 2762 omnibus
1682 2687 1814 2785 accepti

298 2808 517 2904 maximeque
540 2807 730 2893 aestimati,
755 2809 959 2881 Garamum
972 2806 1166 2878 hennam
1180 2805 1344 2890 Marsus,
1368 2805 1404 2877 in
1425 2805 1556 2878 Ordine
1572 2804 1812 2901 Philosophiae

299 2925 506 2998 theoreticae
525 2932 560 2997 et
581 2924 775 2998 Iiterarum
796 2922 1041 2996 humaniorum
1062 2921 1266 2994 Professoris
1287 2922 1431 2996 emeriti.
1481 2923 1551 2995 Hic
1572 2923 1699 3019 pariter
1719 2911 1822 2996 octo-⁴

294 3043 479 3140 ganarius,
514 3041 572 3115 cui
600 3041 673 3139 jam
707 3064 799 3114 auno
829 3038 934 3137 hujus
958 3038 1085 3112 s'aeouli
1108 3041 1175 3111 43⁰
1199 3038 1384 3112 honorifica
1414 3039 1529 3136 quieta
1552 3040 1622 3112 frui
1645 3039 1809 3114 licuisset.

295 3160 533 3234 Nihilominus
555 3159 601 3233 ad
624 3182 755 3232 annum
780 3182 892 3256 usqua
913 3158 948 3232 h.
970 3183 996 3232 s.
1021 3160 1111 3231 46⁰²·
1134 3157 1280 3231 docendi
1300 3181 1428 3232 munus
1447 3157 1544 3232 obiit.
1595 3159 1687 3232 Tum
1710 3183 1808 3250 vero,
1959 3217 1966 3227 .

294 3279 467 3378 podagrae
483 3277 653 3378 imprimis
673 3277 828 3352 cruciatu
844 3279 957 3377 magia
976 3279 1157 3378 magisque
1174 3287 1336 3365 vexatus,
1353 3278 1584 3353 Auditoribus
1604 3280 1809 3354 allocutione

294 3397 506 3484 valedicens,
542 3422 563 3470 a
593 3396 879 3496 praelectionibus
914 3398 1069 3472 cessavit.
1120 3397 1279 3496 Corporis
1305 3401 1423 3473 autem
1447 3397 1665 3474 incommoda
1688 3407 1724 3472 et
1747 3399 1808 3474 do·

294 3517 383 3589 foras
405 3515 601 3613 perferens,
626 3515 818 3613 horumque
842 3516 1137 3614 patientissimus,
1162 3516 1358 3590 valetudine
1384 3516 1468 3590 satis
1492 3516 1582 3590 boni
1609 3516 1807 3604 fruebatur,

294 3641 333 3708 et
355 3641 472 3708 rneuta
496 3633 679 3732 animoque
700 3633 745 3708 ad
765 3657 965 3732 supremum
988 3659 1098 3731 usque
1119 3634 1209 3708 vitae
1229 3634 1323 3708 diam
1343 3633 1492 3733 vigebat.
1542 3635 1685 3731 Itaque,
1712 3636 1806 3732 quod

295 3777 434 3852 semper
467 3761 661 3851 optaverat,
692 3753 800 3826 literis
824 3776 948 3850 nempe
971 3751 1153 3851 diligenter
1177 3753 1329 3827 colendis
1358 3759 1496 3852 tempus
1522 3753 1738 3850 impendere,
1762 3755 1807 3828 ab

294 3873 360 3946 hoc
386 3895 455 3946 non
476 3871 662 3960 abstinuit,
688 3871 750 3945 aad
771 3871 1010 3970 investigando
1028 3879 1063 3944 et
1085 3871 1305 3959 meditando,
1330 3878 1365 3945 et
1387 3897 1407 3945 e
1429 3875 1492 3945 suh
1516 3871 1688 3946 doctrinae
1709 3874 1806 3971 copih

294 3990 504 4079 hauriendo,
544 3991 720 4065 literarum
761 3989 960 4088 disciplinae
1000 3991 1130 4089 optime
1168 3991 1292 4064 servire
1327 3990 1497 4090 perrexit,
1537 3997 1628 4064 recte
1648 3979 1807 4096 ¹‘quidem

293 4109 515 4198 existimans,
540 4111 586 4184 ad
609 4117 803 4184 armenium
824 4134 936 4208 usque
960 4109 1049 4184 vitae
1071 4110 1221 4208 spatium
1242 4110 1286 4184 de
1305 4110 1412 4184 literis
1434 4110 1522 4184 bene
1540 4111 1663 4184 mereri
1683 4135 1803 4209 quam·

293 4251 362 4326 que
388 4236 544 4328 oportere
565 4228 742 4302 literarum
765 4229 932 4303 cultorem
953 4237 988 4302 et
1009 4236 1181 4304 statorem.
1231 4229 1278 4302 Et
1298 4253 1375 4304 vere
1397 4229 1471 4328 ipse
1495 4231 1543 4304 sic
1562 4229 1653 4304 fecit.
1706 4232 1805 4308 Quas

294 4349 407 4437 enim,
432 4349 477 4424 ab
499 4351 707 4424 anno'1829
732 4349 778 4423 ad
799 4372 930 4423 annum
949 4351 1044 4422 1834
1067 4348 1214 4422 subinde
1238 4349 1369 4447 publici
1389 4349 1476 4448 juris
1500 4349 1626 4424 fecerat
1645 4351 1806 4423 Danielis

304 4469 546 4565 nyttendacllii
563 4469 773 4571 Doridaque
795 4469 1009 4555 Ruhnkerii,
1042 4477 1077 4542 et
1104 4468 1248 4542 aliorum
1276 4469 1313 4542 in
1338 4469 1512 4568 republiei
1535 4469 1682 4543 literaria
1708 4469 1801 4566 prin·

297 4586 415 4684 cipum
440 4587 625 4676 Virorum,
650 4589 827 4685 apuam
849 4595 999 4674 mutuae,
1024 4587 1086 4660 hos
1112 4587 1221 4686 ipsae,
1246 4613 1337 4664 anno
1358 4589 1451 4664 1847
1461 4647 1470 4676 ,
1496 4587 1642 4687 egregiis
1667 4587 1803 4685 supple·

293 4705 441 4791 mentis,
475 4705 632 4780 omnium
670 4706 849 4781 doctorum
886 4704 1149 4804 approbatione,
1182 4708 1288 4782 auxit.
1338 4707 1499 4813 Triennio
1528 4713 1606 4805 post
1638 4707 1806 4782 macco

296 4827 488 4921 &conpone
520 4849 600 4900 cum
633 4825 914 4902 annotationibus
944 4825 1185 4923 suppeditavit.
1243 4829 1289 4902 Et
1307 4826 1509 4927 opusculo,
1544 4824 1691 4900 triennio
1725 4833 1805 4902 anta

1561 4947 1583 5017 3
1591 4945 1612 4989 1
