4986 6200
708 651 749 718 18
1281 649 1319 716 G.
1355 649 1383 716 J.
1418 647 1639 718 vuunlu

708 881 813 955 quem
839 855 1077 956 potissimum,
1108 854 1153 930 ad
1175 853 1385 929 Medicinam
1407 853 1594 953 practicam
1619 849 1825 938 docendam,
1858 858 2016 928 vocarent
2040 853 2217 936 inlocum

603 1015 608 1024 ·
708 977 784 1052 Viri
802 976 991 1052 Clarissimi
1008 975 1189 1062 Knausn,
1213 981 1352 1072 propter
1371 973 1543 1048 infirmam
1560 969 1793 1046 valetudinem
1810 969 1957 1048 honeste
1972 972 2060 1048 rude
2078 974 2215 1064 donati,

706 1096 1003 1180 Macauanruum
1037 1099 1158 1190 utpote
1188 1091 1389 1178 Medicum,
1422 1092 1556 1166 diutina
1581 1115 1620 1164 ac
1646 1088 1827 1186 multiplici
1852 1090 2060 1190 experientia
2082 1092 2120 1167 in
2143 1103 2218 1168 arte

707 1221 879 1288 versatum
913 1220 949 1286 et
984 1211 1128 1298 tritum,
1166 1211 1384 1309 eundemque
1418 1211 1552 1285 scholae
1581 1207 1874 1305 Oosterdykianae
1904 1217 1939 1284 at
1964 1211 2216 1310 Paradysianae

705 1333 869 1407 eximium
890 1333 1092 1420 alumnum,
1112 1330 1354 1429 dignissimum
1369 1321 1587 1429 judicabant,
1606 1328 1663 1403 cui
1681 1327 1769 1402 hono
1790 1327 1988 1426 primariam
2006 1330 2216 1428 provinciam

702 1452 916 1528 mandarent.
966 1453 1100 1526 Munus
1127 1449 1370 1538 honorificum,
1400 1450 1577 1548 inopinato
1601 1447 1668 1522 sibi
1692 1445 1869 1534 oblatum,
1893 1449 2046 1545 accepit,
2071 1456 2106 1524 et
2135 1452 2212 1526 Me·

704 1569 837 1646 dicinae
870 1570 1038 1669 practicae
1072 1568 1316 1668 professionem
1346 1568 1552 1642 ordinariam
1582 1564 1714 1642 solenni
1738 1565 1810 1640 ritu
1833 1566 2031 1664 auspicatus
2057 1577 2129 1658 est,
2153 1571 2211 1646 dia

705 1694 727 1762 2
749 1689 926 1777 Octobris,
951 1713 1041 1763 anno
1064 1691 1179 1775 1824,
1204 1713 1284 1763 cum
1306 1687 1410 1763 verba
1432 1686 1558 1764 laceret
1577 1689 1619 1760 de
1637 1687 1833 1760 Medicinae
1845 1689 2025 1783 practicae
2044 1689 2215 1778 Doctore,

691 1811 795 1904 fideli
819 1811 906 1884 artis
929 1809 1113 1882 Historiae.
1463 1807 1469 1810 ’

751 1928 819 2001 Per
840 1952 898 2001 ser
924 1927 994 2001 fere
1020 1927 1127 2000 lustra
1155 1927 1363 2002 medicinam
1386 1927 1476 2001 inter
1498 1927 1589 2001 cives
1612 1951 1692 2000 suos
1715 1925 1861 2011 lecerat,
1885 1949 1949 1998 nec
1971 1947 2140 2022 umquam
2170 1951 2214 2000 ex

701 2047 787 2122 urbe
816 2047 924 2121 nauli
953 2045 1100 2144 migrare
1131 2045 1360 2144 cogitaverat,
1390 2046 1601 2144 tertiumque
1623 2052 1658 2119 et
1683 2043 2012 2142 quinquagesimum
2036 2043 2126 2118 vitea
2149 2070 2208 2120 an·

700 2190 784 2240 num
823 2164 969 2264 agebat,
1004 2188 1084 2238 cum
1123 2164 1160 2238 in
1189 2165 1305 2240 nostra
1339 2165 1527 2239 Academid
1556 2164 1677 2240 docere
1714 2163 1845 2261 coepit3
1882 2168 2036 2236 attamen
2068 2163 2212 2262 juvenili

701 2286 817 2383 vigore
839 2292 874 2358 ct
897 2285 1016 2358 ardore
1036 2290 1150 2382 partas
1171 2308 1272 2371 suas,
1297 2283 1392 2358 baud
1410 2284 1501 2358 leves
1519 2283 1617 2370 illas,
1643 2282 1795 2381 suscepit
1812 2289 1848 2356 et
1867 2281 2022 2356 alacriter
2043 2281 2210 2381 implevit.

689 2403 909 2478 ¹Valetudine
931 2427 1081 2500 namque
1105 2403 1280 2501 gaudebat
1299 2403 1420 2491 firma,
1444 2404 1553 2478 immo
1574 2402 1736 2490 robusta,
1760 2401 1810 2474 ita
1828 2410 1868 2474 ut
1891 2425 1953 2499 per
1977 2401 2214 2500 duodeviginti

701 2547 827 2610 annos,
865 2521 1019 2621 quotidie
1055 2522 1100 2596 ad
1134 2511 1387 2620 aegrotantium
1420 2522 1565 2598 lectulos
1599 2522 1741 2608 docere,
1773 2519 1987 2618 praecipere,
2019 2529 2054 2596 et
2086 2521 2213 2620 longae

582 2725 589 2739 ,
676 2643 929 2743 ·experientiae
951 2641 1085 2716 fructus
1108 2642 1360 2717 communicare
1384 2642 1651 2730 continuaverit,
1678 2685 1729 2704 -
1752 2647 1829 2714 tum
1848 2663 1927 2714 vero
1947 2639 2028 2714 alibi
2053 2641 2211 2736 consulto

700 2764 846 2851 servire,
871 2749 933 2836 aut
952 2785 1040 2860 quo,
1066 2761 1254 2834 officiorum
1276 2762 1472 2834 munerisve
1491 2758 1653 2835 mandeti
1669 2763 1794 2848 causi,
1818 2759 2043 2846 evocabatur,
2069 2759 2209 2833 statutis

700 2881 825 2954 diebus
863 2881 1004 2965 adesse,
1036 2903 1107 2952 non
1140 2881 1341 2967 cessaverit,
1362 2925 1414 2942 --
1440 2881 1575 2978 scriptis
1603 2879 1752 2977 denique
1776 2886 1837 2954 aut
1866 2877 1975 2952 doctis
2002 2885 2211 2953 commenta·

701 2997 875 3084 tionibus,
893 2997 939 3070 ad
956 3002 1065 3070 artem
1088 2995 1345 3094 disciplinamve
1363 2999 1630 3095 promovendam
1649 2997 1818 3086 conterre,
1842 2997 1938 3072 haud
1957 2997 2124 3072 destiterit
2146 3022 2211 3072 nec

702 3114 933 3215 supersederit
952 3117 995 3206 ¹).
1046 3113 1160 3188 Semel
1193 3139 1331 3213 quoque
1363 3117 1520 3192 Rectoris
1555 3143 1684 3192 munus
1715 3117 1949 3193 academicum
1977 3118 2102 3216 gessit,
2132 3119 2208 3217 plu-

700 3237 876 3333 rimaeque
908 3234 952 3306 de
984 3257 1075 3307 anno
1106 3233 1200 3306 haud
1231 3234 1358 3308 infelici
1388 3237 1516 3334 gratim
1552 3238 1678 3336 agendi
1713 3263 1835 3312 causae
1868 3238 1901 3312 ei
1932 3237 2138 3311 exstiterunt
2157 3240 2210 3328 ²),

699 3377 829 3452 quum,
863 3353 896 3427 d.
930 3354 952 3426 8
983 3351 1163 3426 Februarii
1179 3379 1223 3426 a.
1250 3356 1366 3442 1880,
1402 3357 1648 3454 Magistratum
1669 3357 1853 3432 solenniter
1875 3357 2059 3454 deposuit,
2092 3355 2207 3430 habita

698 3473 851 3548 oratione
895 3475 938 3547 de
981 3473 1148 3546 nonnullae
1182 3473 1423 3572 Philosrprlriae
1455 3477 1639 3551 Naturalis
1668 3479 1851 3574 partitae,
1891 3505 1962 3552 cam
1999 3479 2208 3551 institutione

697 3596 894 3668 Medicinae
928 3595 1056 3666 arctius
1097 3595 1340 3691 eonjuependie.
1401 3595 1605 3669 Praesertim
1648 3603 1766 3670 autam
1804 3596 1968 3695 vigilabat
2003 3619 2207 3692 omnemque

691 3717 819 3785 ‘curam
846 3717 881 3784 et
912 3695 1051 3808 operam
1075 3711 1260 3785 collocabat
1281 3713 1318 3786 in
1343 3738 1404 3800 co,
1429 3719 1469 3786 ut
1491 3714 1680 3814 praeceptis
1702 3715 1875 3790 studiosae
1894 3713 2204 3814 juventutis-insti-

699 3831 828 3905 tutioni
862 3831 1049 3930 prodesset.
1098 3833 1144 3904 Et
1174 3840 1294 3931 gratus
1327 3841 1399 3906 erat
1424 3833 1600 3932 discipulis
1625 3834 1813 3932 Magister,
1838 3859 2030 3932 numquam
2052 3833 2113 3932 qui
2137 3857 2205 3906 non

701 3952 831 4037 alacer,
863 3951 1060 4024 firmissimo
1093 3977 1228 4050 semper
1260 3976 1366 4050 passu
1388 3963 1423 4026 et
1445 3953 1556 4026 fronte
1589 3957 1728 4041 serent,
1761 3953 2079 4053 appropinquabat,
2101 3950 2206 4052 jocari

699 4094 839 4157 amans,
864 4069 901 4142 in
930 4069 1035 4142 rebus
1062 4077 1213 4144 attamen
1240 4073 1452 4172 gravioribus
1473 4073 1620 4147 maxime
1642 4074 1769 4162 serius,
1795 4074 1857 4146 sed
1880 4073 2050 4148 hilaritate
2073 4095 2204 4146 comem

697 4190 788 4265 ultro
813 4213 849 4261 sa
871 4188 1058 4286 praebens,
1083 4197 1120 4263 et
1141 4191 1302 4290 adjuvare
1324 4192 1569 4290 paratissimus.

739 4310 852 4382 .Anno
884 4311 998 4396 1842,
1032 4334 1111 4383 cum
1136 4336 1197 4410 per
1221 4313 1457 4412 duodeviginti
1479 4313 1665 4401 annos,'in
1688 4337 1830 4388 munere
1852 4311 2032 4398 obeundo,
2059 4309 2204 4407 diligen·

698 4429 852 4502 tissimus
885 4427 1029 4517 luisset,
1063 4429 1108 4504 ob
1140 4439 1288 4506 aetatem
1319 4433 1532 4532 plusquam
1554 4433 1871 4532 septuagenariam,
1897 4430 2082 4507 honorifica
2106 4429 2205 4526 quies
2275 4497 2281 4504 .

736 4703 762 4776 ¹)
781 4702 847 4763 Vid.
867 4707 1020 4766 Anaotctio
1039 4709 1122 4770 Vlll.

736 4797 762 4870 ¹)
781 4797 847 4858 vid.
868 4803 1020 4862 Aaactativ
1038 4805 1092 4864 IX.
