4986 6200
795 673 921 742 ACTA
950 674 1001 740 IN
1031 676 1232 744 SENATU.
1727 683 1768 748 71

479 883 628 958 Senatus
666 882 804 958 honoris
840 883 944 958 coust
981 907 1134 958 summos
1165 883 1202 958 in
1234 881 1323 958 Phil.
1359 884 1468 960 theor.
1502 892 1538 1000 et
1567 884 1635 961 Lit.
1670 885 1766 960 hum.

428 1004 574 1078 honores
599 1001 745 1078 contulit
768 1002 804 1076 in
827 999 928 1076 Viros
948 999 1175 1076 Doctissimos
1192 1003 1437 1080 Asarinum
1454 1004 1633 1099 Kununu,
1658 987 1768 1080 Theo·

429 1121 539 1219 logiue
569 1121 754 1196 Ductorem
784 1129 820 1195 et
849 1121 1051 1219 Interpretis
1077 1120 1200 1220 legati
1223 1121 1440 1198 Wemerieni
1472 1124 1699 1224 Adjutorem,
1733 1131 1769 1198 et
1865 1129 1870 1136 '

428 1242 670 1316 Gummmruu
693 1239 875 1329 Wiener,
900 1239 1093 1321 eCivitate
1119 1243 1171 1316 St.
1196 1242 1359 1316 Audurus
1383 1243 1535 1318 Scotum.

260 1479 326 1552 Die
387 1479 620 1556 8Februarii.
681 1482 809 1556 Rector
842 1481 888 1554 od
922 1481 1089 1554 Senatum
1121 1479 1244 1568 refert,
1276 1433 1315 1553 in
1354 1488 1526 1556 conventu
1562 1483 1770 1558 Cunctorum
1897 1491 1901 1500 '

429 1624 509 1673 eum
541 1600 687 1676 Rectore
717 1609 752 1674 et
780 1600 1022 1674 Assessoribus
1054 1625 1073 1674 e
1107 1599 1310 1674 Candidatis
1344 1599 1533 1699 designatis
1563 1601 1770 1676 Actuarium

429 1727 581 1793 ereetum
605 1727 679 1794 esse
703 1719 747 1796 V.
774 1720 826 1794 ol.
853 1721 896 1794 G.
922 1719 956 1794 J.
983 1719 1154 1793 Vnuuru.

477 1957 605 2030 Rector
649 1955 858 2056 Magnificus
906 1982 986 2031 cum
1035 1955 1166 2030 Senatu
1208 1955 1398 2055 ceterisque
1438 1953 1694 2031 Professoribus
1729 1957 1768 2036 in
1866 1996 1869 2008 ·

429 2074 652 2150 Auditorium
676 2077 790 2174 majus
812 2075 1002 2151 deseendit.
1049 2075 1236 2151 Aetuurius
1258 2076 1379 2150 recitat
1397 2100 1460 2174 pro
1476 2077 1637 2151 concione
1659 2077 1767 2175 Regis

431 2195 607 2268 decretum
632 2195 675 2270 de
702 2197 847 2272 Rectore
869 2197 906 2269 in
926 2220 1058 2270 annum
1078 2203 1280 2294 sequentem
1303 2201 1435 2283 creato,
1460 2195 1659 2271 Assessorer
1682 2219 1770 2270 novo

428 2313 567 2390 Rectori
589 2314 744 2404 additos,
771 2323 807 2389 et
831 2317 979 2392 Senatus
1005 2315 1190 2392 academici
1212 2315 1419 2391 Actrmrium
1442 2323 1696 2392 commemorat.

483 2555 626 2642 uector,
651 2553 822 2628 adscende
844 2555 1023 2644 cathedre,
1047 2581 1157 2655 quac,
1181 2579 1269 2628 auno
1285 2557 1542 2654 praeterlapeo,
1567 2495 1770 2628 Academiae

431 2696 598 2770 prospera
623 2681 804 2748 eumne
822 2677 1003 2774 tristiaque
1025 2682 1061 2748 et
1075 2677 1227 2774 'luyeuda
1248 2677 1456 2763 redderent,
1480 2671 1768 2748 commemoravit.

432 2791 568 2866 Deinde
593 2791 792 2866 solennibus
813 2791 926 2866 verbis
947 2792 1103 2890 deposito
1120 2791 1348 2890 Magistratu,
1374 2789 1574 2866 eoathedrt
1594 2788 1772 2864 descendit

433 2936 477 2985 en
502 2912 539 2985 in
563 2910 725 2986 subsellio
749 2910 848 2985 redit.

449 3179 462 3232 ;
479 3149 620 3222 Novum
660 3148 842 3222 Rectorem
881 3147 1111 3247 Magnificum
1145 3147 1357 3223 Professores
1392 3145 1430 3220 in
1462 3145 1671 3222 Senoeulum
1707 3145 1769 3218 de·

338 3289 348 3310 ·
425 3267 609 3349 ,duxerunt
633 3272 668 3340 et
693 3265 938 3343 salutaverunt.
