4986 6200
680 706 723 774 rs
916 687 919 695 “
1257 703 1296 772 a.
1330 701 1359 771 s.
1393 701 1616 772 vaauen

533 977 535 984 ,
684 912 813 1012 quibus
842 917 983 988 ornatus
1014 911 1145 999 fuerat,
1177 909 1381 986 Professorie
1415 910 1475 984 illo
1507 911 1625 985 nullus
1657 909 1745 986 alius
1772 909 1805 984 ei
1829 909 1980 1010 gratior,
2005 911 2073 1001 sic,
2098 908 2195 1012 quod

592 1049 596 1058 ·
684 1021 832 1108 docendi
864 1055 1013 1118 munus,
1042 1030 1079 1103 in
1111 1028 1174 1104 bio
1204 1029 1355 1104 Palladis
1383 1030 1483 1117 sede,
1507 1029 1682 1128 qnondam
1704 1027 1853 1119 obierat,
1878 1030 1983 1130 hujus
2007 1031 2058 1138 rei
2083 1054 2194 1106 recor·

685 1151 779 1226 datio
800 1149 922 1250 quavis
945 1149 1087 1248 quidem
1109 1147 1271 1223 elideret
1290 1131 1495 1246 jucundior,
1520 1147 1766 1246 omniumque,
1791 1149 1837 1224 ad
1861 1135 2196 1250 supremum'usque

681 1269 794 1356 diem,
814 1267 1076 1367 jucundissima.
1930 1257 1931 1260 '

732 1391 807 1464 Nos
834 1391 879 1462 A.
902 1389 945 1462 A.
970 1387 1019 1463 H.
1044 1387 1117 1464 H.l
1150 1387 1389 1486 profiteamur,
1419 1388 1654 1464 Bnausanurr
1681 1386 1887 1462 Academiae
1916 1394 2052 1462 nostrae
2083 1407 2197 1485 quon-

684 1507 766 1582 dam
796 1513 997 1580 ornamento
1034 1505 1162 1594 luisse,
1197 1505 1342 1605 ejusque
1376 1507 1577 1581 memoriam
1610 1505 1667 1605 pie
1701 1529 1776 1580 esse
1810 1506 2025 1582 recolendam
2056 1512 2091 1580 et
2114 1507 2195 1580 edu·

684 1624 893 1700 servandam.

1309 1795 1573 1812 ψ

737 1983 794 2058 Sic
826 1984 967 2082 quidam
1001 1987 1047 2059 A.
1072 1987 1116 2059 A.
1143 1985 1177 2058 S.
1201 1984 1256 2058 S.!
1293 1981 1499 2069 memoravi,
1534 2005 1643 2081 quae,
1677 2007 1734 2056 me
1766 1983 1933 2071 Rectene,
1969 1979 2199 2066 Academiae,

686 2102 856 2201 nobisque
889 2104 975 2178 adeo
1008 2103 1192 2190 omnibus,
1226 2103 1377 2178 maxime
1409 2101 1561 2200 lugenda
1592 2100 1800 2176 acciderunt.
1852 2099 1988 2180 Quodsi
2010 2108 2046 2175 et
2073 2100 2117 2174 de
2139 2099 2200 2186 iis,

686 2245 776 2320 quae
812 2222 972 2321 privatim
1004 2247 1067 2296 nos
1101 2223 1280 2310 adtiueut,
1317 2229 1408 2297 esset
1430 2220 1637 2309 dicendum,
1670 2245 1769 2296 nasus
1790 2221 1941 2320 proiecto
1963 2218 2201 2296 acerbissimos

685 2341 858 2416 reminisci
888 2349 924 2415 et
951 2333 1124 2418 ‘recordari
1155 2349 1336 2442 oporteret.
1385 2342 1436 2414 At
1469 2363 1531 2414 cur
1560 2339 1646 2414 adeo
1669 2340 1802 2414 dolores
1826 2363 2048 2428 renovatam,
2073 2337 2201 2437 quibus

687 2461 846 2536 nonnulli
877 2469 1056 2550 nostrum,
1087 2462 1240 2562 capitum
1267 2457 1521 2535 carissimorum
1539 2453 1694 2558 jactari,
1720 2460 1859 2534 luctuve
1881 2458 2086 2544 domestico,
2111 2479 2203 2560 anno

685 2581 936 2679 praeterlapso,
973 2581 1121 2680 graviter
1152 2588 1234 2655 sunt
1260 2577 1404 2656 afflicti?
1453 2580 1543 2652 Sunt
1566 2599 1716 2675 namque
1746 2575 2026 2652 eProieesonam
2050 2574 2203 2664 Ordine,

687 2699 749 2797 qui
782 2701 893 2774 aviam
931 2678 1237 2798 spectatissimum,
1272 2677 1322 2756 -Ϊ
1363 2698 1425 2796 qui
1465 2721 1607 2772 uxorem
1642 2697 1874 2784 carissimam,
1919 2693 2036 2769 liberis
2072 2691 2203 2766 orbatis
2235 2747 2241 2762 .

685 2824 833 2892 matrem
868 2817 1188 2916 diligentissimam,
1222 2857 1274 2876 -
1304 2815 1471 2912 optimam
1505 2815 1568 2913 qui
1602 2815 1719 2889 uxoris
1756 2813 1999 2887 dilectissimae
2032 2835 2202 2899 sororem,

687 2934 814 3009 afflicto
842 2935 965 3006 merito
995 2935 1205 3029 moestisque
1235 2933 1438 3029 perentibus
1463 2941 1605 3029 repente
1634 2940 1808 3029 ereptam,
1831 2930 1964 3028 -qui
1986 2929 2204 3004 desideretis-
2234 3021 2237 3027 Ι
2306 2940 2309 2944 ’

692 3051 798 3126 simae
822 3051 939 3124 uxoris
962 3051 1101 3124 fratrem
1126 3049 1467 3148 conjunctissimum,
1487 3091 1536 3104 -
1557 3050 1618 3146 qui
1637 3055 1776 3147 neptem
1797 3048 2060 3136 dulcissimam,
2072 3090 2120 3108 -
2142 3048 2204 3145 qui

689 3159 860 3244 infantem
883 3176 1024 3256 natum,
1050 3213 1099 3250 -ρ
1123 3169 1185 3266 qui
1208 3167 1480 3266 consanguineos
1504 3168 1729 3242 amicissimos
1752 3168 1884 3266 lugent.

737 3288 807 3362 Sed
838 3287 997 3387 insuper,
1028 3287 1128 3385 quasi
1154 3311 1232 3360 vern
1255 3287 1357 3362 fatale
1386 3285 1562 3384 quoddam
1592 3311 1684 3361 anno
1709 3285 1938 3385 Magistratda
1967 3285 2037 3360 mei
2066 3285 2199 3384 impen-

688 3407 808 3496 deret,
845 3431 915 3504 quo
953 3406 1068 3480 luotris
1102 3406 1270 3480 dolorisve
1304 3413 1366 3481 eut
1406 3406 1540 3480 timoris
1572 3431 1676 3482 causa
1711 3405 1799 3480 nulli
1831 3405 1944 3480 ordini
1976 3405 2132 3493 deesset,
2167 3412 2204 3480 et

692 3531 842 3600 vestram
866 3547 1045 3610 coronam,
1080 3523 1216 3622 Optimi
1235 3524 1499 3600 Adolesceutas!
1535 3524 1578 3598 ab
1605 3525 1699 3598 omni
1723 3525 1820 3600 clade
1844 3549 1914 3598 uon
1943 3524 2051 3598 luisse
2076 3523 2201 3598 immu-

690 3667 794 3731 nem,
817 3641 905 3716 mihi
927 3649 981 3716 est
999 3643 1348 3718 commemorandum.
1397 3645 1536 3718 Etenim
1557 3669 1622 3718 nec
1642 3653 1774 3720 vestrae
1794 3669 1939 3720 coronae
1956 3642 2109 3742 pepercit
2128 3651 2202 3718 atre
2278 3679 2285 3690 ·

692 3786 802 3849 mors,
837 3761 875 3834 in
906 3785 1025 3835 omnes
1039 3751 1060 3848 ,’
1081 3763 1175 3837 senio
1206 3763 1276 3837 sive
1306 3763 1501 3852 conlectos,
1531 3763 1661 3836 viribus
1691 3789 1752 3838 seu
1780 3762 1999 3838 validissimis
2026 3762 2200 3860 vigentes,

693 3880 816 3956 aetatis
851 3880 921 3954 siue
954 3880 1036 3953 flore
1069 3879 1255 3971 laetantes,
1293 3882 1363 3958 sive
1393 3883 1496 3957 etiam
1534 3881 1570 3954 in
1600 3881 1705 3956 vitam
1740 3881 1798 3954 vix
1829 3881 2024 3981 ingressos,
2055 3880 2201 3979 grassari
2320 3910 2327 3922 ·

692 3999 871 4098 gaudensl
922 3999 955 4072 O
987 3999 1120 4074 utinam
1155 4007 1332 4099 parentes,
1366 4001 1496 4100 optime
1528 4001 1589 4098 qui
1623 3999 1808 4098 sperabant
1840 4000 1884 4076 de
1908 4001 2008 4087 libre,
2042 4007 2202 4074 evestm

691 4117 893 4192 commilitio
928 4119 1055 4217 ereptis
1082 4121 1135 4212 ¹),
1169 4120 1341 4209 habeant,
1373 4146 1392 4194 e
1424 4145 1493 4218 quo
1525 4119 1685 4193 solatium
1715 4119 1895 4208 hamient,
1920 4125 2062 4216 totoque
2085 4117 2200 4193 animo

584 4264 590 4269 ·
691 4237 729 4310 in
751 4236 888 4310 Summi
907 4237 1072 4322 Numinis
1093 4239 1242 4314 consiliis
1262 4239 1475 4340 sapientibus
1494 4238 1731 4336 acquiescenti
1770 4238 1885 4314 Amici
1904 4239 2037 4312 utinam
2054 4237 2200 4324 amicos,

692 4355 763 4430 vitia
801 4379 977 4454 egressos,
1011 4358 1144 4432 sortiter
1175 4359 1388 4434 desiderent!
1445 4358 1517 4432 Vos
1547 4369 1665 4433 autem
1695 4357 1856 4455 juvenesl
1915 4355 2200 4432 commilitonum

693 4481 840 4549 mortem
873 4475 1039 4573 lugeatis,
1076 4486 1128 4566 et,
1166 4481 1422 4577 qualescunque
1450 4478 1487 4553 in
1520 4477 1590 4552 viti
1625 4476 1769 4565 fuerint,
1805 4477 1866 4551 sed
1890 4476 2043 4564 bonum,
2068 4497 2138 4572 quo
2162 4498 2201 4548 se

693 4592 1005 4686 commendabant,
1030 4603 1241 4695 spectantes,
1266 4622 1384 4672 eorum
1407 4598 1605 4674 memoriam
1630 4596 1688 4697 pie
1711 4593 1926 4673 conservetis.
2201 4587 2205 4596 ’

732 4853 757 4926 Ι)
776 4851 842 4913 vid.
863 4805 1015 4916 Adnotatio
1036 4858 1100 4920 XV.
