4986 6200
703 681 743 743 12
1275 677 1314 746 G.
1348 680 1376 742 J.
1413 677 1633 746 vacuam

699 884 884 971 affulserit,
923 891 1074 958 attamen
1109 880 1264 956 fallacem
1297 905 1372 956 esse
1407 880 1587 954 hominmn
1618 904 1714 977 spem
1748 879 1973 978 fragilemque
2007 881 2113 956 vitam
2152 881 2208 956 hle

701 1030 839 1104 quoque
876 1004 1041 1105 apparuit.
1104 1001 1242 1076 Accidit
1280 1025 1450 1099 namque,
1485 1000 1579 1098 quod
1612 999 1765 1098 primum
1803 1024 1872 1072 non
1909 1000 2133 1100 opinabatur,
2169 1013 2209 1074 ut

702 1126 814 1200 morbi
845 1125 895 1198 vis
930 1121 1046 1196 subito
1077 1121 1177 1220 quasi
1212 1147 1249 1196 se
1281 1129 1475 1220 rumperet,
1509 1119 1747 1217 optimumque
1783 1118 1928 1207 Virum,
1961 1127 2014 1194 tot
2045 1129 2208 1220 tantaque

701 1245 850 1318 mirabili
880 1241 1046 1341 patientiis
1080 1266 1241 1340 passum,
1275 1242 1336 1316 sed
1363 1242 1439 1314 Deo
1470 1239 1650 1336 verbisque
1677 1246 1712 1310 et
1741 1238 1918 1335 promissis
1950 1237 2074 1312 divinis
2105 1241 2208 1313 conli-

702 1361 963 1448 dentissimum,
980 1345 1131 1434 tolleret.

750 1481 865 1552 Natus
904 1487 976 1552 erat
1014 1477 1256 1564 Rotarodsmi,
1295 1477 1377 1551 anni
1413 1480 1507 1552 1794
1545 1476 1601 1549 die
1632 1477 1678 1548 23
1711 1475 1940 1563 Novembris,
1973 1478 2075 1551 Patre
2115 1477 2210 1552 Jrro

702 1595 1206 1683 (11111111110111001111,
1230 1601 1458 1668 mercaturam
1481 1593 1636 1668 faciente.
1689 1593 1820 1666 lndolis
1842 1593 2040 1694 ingeniique
2058 1596 2210 1669 bonitate
2272 1663 2276 1671 .

703 1715 851 1790 maxime
883 1741 919 1789 se
949 1713 1230 1801 commendabat,
1263 1714 1492 1812 omnibusque
1519 1712 1631 1798 curis,
1657 1736 1743 1808 quas
1768 1721 1927 1810 parentes
1952 1715 1988 1788 in
2012 1714 2128 1788 liberis
2151 1715 2210 1787 ho·

592 1895 595 1902 .
703 1845 799 1906 ueste
824 1843 858 1906 et
882 1833 1066 1908 liberaliter
1086 1833 1273 1906 educandis
1295 1833 1524 1922 collocabant,
1549 1827 1650 1929 plane
1675 1829 1914 1906 satisfaciebat.
1965 1834 2108 1931 Itaque,
2132 1859 2211 1906 cum

703 1956 739 2027 in
762 1981 803 2029 ea
825 1956 940 2030 studia
964 1951 1175 2046 imcumbere
1195 1953 1353 2026 ardenter
1371 1959 1523 2051 optaret,
1549 1949 1676 2047 quibus
1696 1949 1740 2022 ad
1759 1948 1826 2022 Dei
1842 1949 1978 2024 cultum
2000 1951 2211 2038 erudiretur,

704 2085 743 2146 ut
781 2073 966 2173 aliquando
998 2074 1102 2147 verba
1131 2073 1248 2146 divina
1276 2079 1367 2145 rect'e
1391 2069 1606 2168 interpretari
1629 2076 1664 2140 et
1688 2091 1782 2140 sacro
1809 2067 2004 2142 Ministerio
2030 2071 2094 2142 rite
2115 2070 2213 2168 fungi

703 2203 839 2290 posset,
865 2217 955 2268 anno
982 2197 1046 2265 110
1062 2193 1167 2291 hujus
1189 2192 1336 2276 saeculi,
1361 2216 1404 2266 ex
1428 2189 1644 2264 institutione
1667 2187 1731 2260 viri
1753 2186 1942 2262 doctissimi
1966 2190 2142 2274 Nonam,
2164 2233 2215 2248 -

703 2323 784 2386 tunc
814 2311 977 2410 temporis
1008 2312 1069 2410 qui
1093 2312 1273 2408 Gymnasii
1293 2309 1595 2385 Roterodamensis
1621 2309 1747 2380 Rector
1768 2315 1860 2404 erat,
1885 2332 2114 2406 magnamque
2140 2309 2212 2382 lite·
2351 2361 2357 2370 .

701 2455 840 2516 rarum,
874 2428 1044 2526 imprimis
1077 2429 1279 2516 latinarum,
1314 2429 1488 2503 doctrinae
1519 2427 1648 2502 famam
1684 2423 1856 2513 habebat,
1881 2471 1932 2490 .-
1962 2427 2154 2525 profectus,
2179 2429 2213 2500 in

703 2572 888 2622 numerum
923 2547 1050 2622 civium
1077 2548 1284 2622 Academiae
1317 2547 1654 2646 Rheno-trajectinae
1687 2543 1737 2636 (in
1765 2569 1835 2642 qua
1850 2553 2023 2643 patruus,
2056 2547 2119 2619 Vir
2147 2547 2213 2622 cla-

702 2668 858 2741 rissimus
895 2669 1064 2741 Gasarnu
1093 2691 1168 2742 vars
1198 2669 1348 2756 0011111,
1384 2667 1605 2764 Theologiam
1640 2663 1798 2754 docebat)
1834 2671 1990 2763 receptus
2025 2673 2087 2739 est.
2150 2667 2217 2738 Per

700 2795 796 2886 octo,
831 2810 918 2883 quos
946 2787 983 2856 in
1018 2785 1083 2858 haic
1113 2786 1303 2888 Academici
1329 2794 1560 2859 commoratus
1587 2793 1656 2872 cst,
1682 2807 1808 2870 annos,
1833 2807 1912 2857 cum
1931 2783 2125 2858 Literarum
2148 2789 2214 2858 hu·

700 2903 996 2975 maniorumtum
1019 2901 1225 2998 'theologiae
1245 2901 1368 2974 studiis
1388 2909 1503 2974 totum
1527 2927 1562 2974 se
1583 2901 1690 2976 dedit.
1741 2902 1944 2976 Studiorum
1964 2911 2092 2978 rectam
2113 2903 2214 2976 ratio-

703 3046 781 3094 nem
820 3029 860 3093 et·
894 3043 1091 3092 successum
1117 3020 1358 3117 Praeceptores
1385 3019 1563 3094 clarissimi
1589 3021 1738 3095 maxime
1765 3021 1964 3096 laudabant.
2017 3023 2085 3106 Sed
2109 3022 2212 3096 etiam

704 3139 905 3213 excelluisse
944 3162 1045 3226 eum,
1082 3147 1117 3211 et
1149 3139 1345 3237 exemplrmr
1379 3139 1424 3212 ad
1458 3139 1665 3214 imitandum
1694 3140 1824 3227 fuisse,
1859 3167 1930 3216 uuo
1959 3166 2016 3215 ore
2044 3148 2213 3222 testantur

704 3283 841 3344 omnes,
878 3257 940 3356 qui
961 3265 1168 3356 supersunt,
1201 3259 1361 3356 aequales
1387 3266 1439 3346 et,
1464 3284 1550 3357 quos
1578 3261 1772 3334 studiorum
1797 3261 2021 3335 similitudine
2048 3260 2115 3335 sibi
2136 3285 2214 3334 con·

705 3378 852 3464 ciliavit,
887 3377 1007 3464 amici,
1042 3377 1172 3476 egregii
1214 3379 1275 3476 qui
1314 3385 1410 3452 erant
1448 3379 1656 3454 Academiae
1694 3380 2030 3479 Rh'eno-trejectinae
2066 3381 2213 3466 alumni,

704 3496 908 3594 summique
934 3495 1058 3569 deinde
1081 3497 1255 3571 doctrinae
1277 3485 1485 3595 praestantii
1506 3500 1699 3598 conspicui,
1724 3507 1759 3573 et
1780 3501 1825 3574 ad
1846 3525 1990 3576 munera
2013 3500 2215 3600 gravissima

706 3627 740 3688 et
768 3615 1110 3690 honorificentissima
1134 3617 1283 3715 gerenda
1306 3618 1423 3694 vocati.
1474 3619 1588 3718 Igitur
1616 3621 1661 3694 ad
1691 3643 1831 3696 annum
1846 3644 1956 3719 usque
1984 3619 2212 3692 18191111-

707 3735 818 3833 logice
856 3733 980 3808 studiis
1014 3759 1154 3834 operam
1189 3737 1285 3812 dedit
1311 3741 1364 3831 ¹),
1402 3763 1511 3837 eoque
1546 3764 1637 3814 anno
1674 3741 1769 3816 Sacri
1802 3739 1988 3814 Ministerii
2021 3735 2213 3812 candidatis

709 3851 922 3950 adscriptus,
962 3861 1148 3953 antequam
1183 3857 1346 3946 summis,
1387 3883 1474 3956 quos
1507 3857 1543 3932 in
1587 3859 1792 3960 Theologiae
1831 3859 2011 3958 disciplinfs
2046 3857 2212 3956 petierat,

707 3971 895 4046 honoribus
926 3981 1122 4063 ornaretis,
1159 3975 1340 4052 verborum
1378 3977 1572 4052 divinorum
1606 3979 1806 4078 Interpretis
1847 4001 2013 4065 munere,
2053 3977 2089 4050 in
2120 4001 2212 4075 pago

709 4093 1002 4192 Neerlacpdroclc‚
1024 4093 1232 4170 constitutus
1252 4103 1315 4172 est.
1364 4095 1468 4170 Anno
1483 4095 1624 4172 demum
1643 4100 1734 4172 1821
1756 4097 1826 4190 (die
1847 4099 1868 4170 3
1887 4095 2053 4195 Aprilis),
2077 4095 2211 4168 doctam

708 4239 728 4283 a
752 4236 787 4284 se
814 4211 1040 4309 conscriptam
1065 4213 1361 4304 dissertationem,
1394 4219 1436 4292 cle
1457 4218 1635 4318 Relapicne
1669 4217 1883 4304 Christiana,
1908 4218 1957 4290 cd
1973 4215 2213 4312 conjunctionis

709 4341 743 4402 et
772 4332 944 4403 societatis
975 4333 1089 4406 studia
1113 4335 1236 4408 alenda
1262 4361 1303 4410 ac
1312 4339 1561 4432 prorncvecda,
1586 4363 1657 4410 cum
1680 4337 1861 4436 aptissima
1877 4343 1944 4411 tam
1966 4333 2211 4434 efficacissimi,

690 4472 788 4528 :cum
809 4445 947 4546 publice
971 4447 1199 4542 defendisset,
1223 4454 1379 4528 omnium
1399 4455 1663 4555 Praeceptorum
1686 4455 1838 4530 maximis
1858 4454 1959 4530 laude
1980 4461 2016 4528 et
2038 4457 2211 4549 exspecta·

707 4566 800 4639 tione
828 4568 1108 4658 commendatus,
1146 4573 1345 4674 Theolopiae
1373 4574 1502 4650 Doctcr
1529 4583 1663 4651 creatus
1692 4583 1755 4650 est.
1805 4576 1929 4672 Neque
1955 4571 2109 4650 doctrinft
2130 4579 2212 4644 'tan-

750 4827 775 4907 ¹)
794 4831 858 4890 vid.
880 4832 1032 4894 Anactorio
1051 4835 1090 4895 11.
