4986 6200
688 703 729 769 ιο
791 685 793 690 ’
1261 701 1301 768 a.
1334 702 1363 768 r.
1399 647 1620 770 vernare

685 909 929 1008 capessendam
963 904 1162 1007 perveniret.
1223 907 1271 980 Et
1306 907 1402 982 brevi
1442 909 1582 1007 quidem
1614 909 1661 985 ad
1693 907 1785 982 varia
1818 931 1961 983 munera
1995 905 2196 1007 g1avissirna

687 1028 838 1127 gerenda
862 1032 1019 1112 vocatus,
1044 1023 1273 1124 maximisque
1301 1026 1462 1127 deinceps
1485 1029 1589 1103 rebus
1618 1026 1836 1102 moderandis
1858 1035 1893 1102 et
1918 1026 2198 1102 administrandis

685 1145 876 1243 praefectus
909 1152 970 1218 aut
997 1142 1231 1242 praepositus,
1264 1143 1374 1218 multa
1397 1144 1579 1220 utilissime
1601 1147 1734 1246 peregit
1755 1146 2092 1245 praeclarissimaque
2117 1145 2198 1220 fecit
2233 1155 2236 1160 '

687 1273 748 1338 aut
770 1261 992 1338 saluberrime
1015 1261 1211 1351 constituit,
1242 1263 1292 1338 ita
1314 1272 1354 1338 ut
1376 1264 1414 1338 in
1440 1264 1641 1339 altissimam
1662 1265 1780 1340 sedem
1802 1265 1980 1364 dignitatis
2002 1275 2038 1339 at
2061 1264 2200 1338 honoris

684 1382 918 1470 adscenderit,
954 1381 1120 1480 singulari
1145 1383 1330 1481 prudentia
1352 1391 1388 1459 et
1410 1384 1588 1458 honestate
1613 1383 1857 1484 dignissimum
1880 1408 2015 1484 semper
2038 1407 2074 1458 sa
2100 1407 2197 1482 prae·

683 1509 798 1589 stans,
832 1499 893 1600 qui
924 1499 969 1575 ab
998 1501 1161 1576 omnibus
1190 1503 1334 1576 maximi
1357 1503 1611 1592 aestimaretur;
1642 1507 1728 1603 quin
1753 1505 1858 1578 etiam
1880 1504 1958 1577 Rex
1978 1501 2197 1601 Augustissi·

682 1643 784 1708 mus,
805 1621 986 1719 Regiaque
1004 1621 1160 1710 Domus,
1179 1621 1310 1720 ingenii
1329 1622 1403 1722 ejus
1423 1621 1599 1722 animique
1614 1624 1804 1722 praeclaras
1816 1623 1961 1697 virtutes
1980 1631 2015 1696 et
2035 1621 2197 1694 eximiam

681 1739 787 1814 fidem
821 1740 939 1838 magni
970 1739 1140 1830 facerent,
1174 1748 1251 1814 turn
1276 1765 1354 1815 varo
1385 1741 1489 1816 ctiam
1514 1742 1589 1841 ejus
1613 1743 1755 1818 consilia
1777 1742 1814 1816 in
1837 1742 1943 1816 rebus
1965 1739 2197 1839 gravissimis,

682 1859 726 1932 da
757 1858 906 1957 quibus,
941 1859 1121 1934 Patriaene
1156 1861 1259 1935 utiles
1289 1861 1402 1936 forent
1422 1869 1458 1935 at
1481 1862 1707 1960 exoptabiles,
1732 1887 1777 1936 an
1803 1861 1942 1937 nocivae
1965 1859 2101 1958 potius,
2127 1858 2198 1931 nisi

680 1979 767 2052 forte
789 1979 1021 2077 perniciosae,
1047 1978 1283 2054 dubitabatur.

728 2098 896 2171 Faustum
933 2097 1041 2196 igitur
1069 2123 1108 2172 ac
1137 2097 1219 2172 felix
1237 2097 1446 2172 Academiae
1468 2105 1604 2172 nostrae
1626 2099 1748 2186 cessit,
1772 2105 1910 2174 tantum
1930 2095 2075 2182 Virum,
2098 2095 2194 2193 regio

681 2216 817 2289 decreto
848 2216 905 2289 10i
929 2215 1037 2316 Maji,
1073 2241 1164 2290 anno
1195 2217 1311 2302 1845,
1346 2239 1575 2289 successorem
1598 2215 1637 2289 in
1659 2216 1852 2291 Illustrium
1878 2217 2088 2290 Curatorum
2114 2213 2192 2296 Col-

680 2333 770 2432 legio
801 2334 922 2408 datum
956 2359 1031 2408 esse
1065 2334 1148 2409 Viro
1184 2334 1411 2434 Amplissimo
1446 2335 1593 2409 Baaour
1622 2359 1698 2408 vau
1724 2336 1877 2410 Lrncuu
1902 2356 1976 2408 vau
2001 2332 2190 2419 Harenas,

678 2451 773 2526 haud
806 2452 855 2527 ita
886 2453 997 2528 mtdto
1028 2461 1108 2529 ante
1140 2463 1288 2531 mortuo.
1337 2455 1385 2528 Et
1415 2454 1515 2528 valde
1542 2454 1757 2530 laetabamur
1776 2456 1820 2529 de
1848 2455 1912 2530 hoc
1934 2453 2018 2526 Viro
2042 2450 2191 2550 praecel-

587 2637 590 2644 .
677 2571 866 2648 lentissimo
891 2597 980 2648 novo
1006 2573 1214 2650 Academiae
1239 2557 1405 2649 Curatore
1431 2574 1533 2651 dioto.
1582 2575 1890 2649 Persuasisaimum
1915 2595 2067 2672 namque
2092 2571 2193 2646 nobis

676 2715 747 2765 non
763 2693 871 2767 modo
891 2699 981 2782 erat,
1005 2693 1078 2768 fore
1097 2703 1158 2783 ut,
1182 2693 1363 2768 nobilitate
1385 2696 1448 2768 sud
1471 2695 1690 2794 nominisque
1713 2693 1962 2794 amplitudine,
1987 2689 2196 2766 Academiae

677 2810 894 2908 splendorem
933 2819 1096 2910 augeret,
1121 2813 1184 2887 aad
1208 2813 1312 2888 etiam
1334 2820 1374 2887 ut
1398 2813 1499 2888 nobis
1520 2821 1611 2888 asset
1630 2814 1770 2888 futurus
1797 2814 1944 2886 Curator
1969 2810 2196 2908 dignissimus

678 2936 714 3000 et
733 2927 1035 3027 exoptatissimus,
1059 2930 1133 3028 ipse
1154 2930 1235 3027 qui,
1259 2931 1399 3028 ingenio
1423 2955 1486 3004 auo
1510 2933 1655 3018 eximio,
1679 2931 1808 3028 magnit
1827 2929 1982 3010 doctrinis
2003 2931 2191 3027 perpolite,

678 3071 864 3146 rarumque
898 3049 1088 3128 mrdtarum
1121 3048 1263 3123 scientia
1290 3057 1473 3137 exornato,
1509 3049 1767 3148 disciplinarum
1797 3048 2034 3145 bonarumque
2066 3045 2192 3120 artium

679 3173 787 3240 stator
819 3174 892 3242 erat
921 3174 957 3241 et
988 3167 1121 3256 fautor,
1154 3167 1340 3266 justusque
1360 3165 1586 3240 institutionis
1609 3164 1823 3240 academicae
1847 3165 2055 3240 aestimator.
2106 3163 2193 3262 Spes

676 3285 795 3384 itaque
820 3285 920 3359 nobis
942 3293 1015 3360 erat
1032 3293 1145 3374 carta,
1170 3285 1275 3360 talem
1299 3284 1476 3374 11111111,
1501 3285 1657 3384 qualern,
1683 3308 1863 3384 quousque
1884 3285 1976 3358 bona
1996 3282 2193 3358 valetudine

674 3404 874 3492 fruebatur,
908 3429 990 3479 eum
1021 3405 1200 3504 cognitum
1229 3405 1484 3504 judicaremus,
1517 3405 1655 3479 summa
1675 3429 1800 3503 nempe
1821 3405 1891 3504 qua
1912 3417 1986 3478 erat
2003 3403 2190 3502 prudentii

676 3522 890 3597 humanitate
922 3531 958 3598 at
987 3523 1182 3611 voluntate,
1217 3523 1369 3622 bonique
1401 3524 1522 3598 tuendi
1549 3531 1583 3598 et
1603 3549 1714 3623 usque
1736 3524 1944 3624 procruandi
1965 3522 2082 3598 studio
2102 3523 2191 3597 inte·

522 3669 529 3686 ³
675 3639 844 3739 gerrimo,
880 3667 950 3717 una
986 3667 1067 3717 curn
1102 3642 1349 3717 Illustrissimis
1386 3643 1551 3742 Collegit,
1587 3644 1624 3717 in
1656 3643 1864 3718 Academiae
1895 3641 1999 3717 rebus
2027 3640 2190 3715 curandis

675 3757 976 3859 diligentissimus,
1012 3761 1159 3861 sapienti
1191 3762 1354 3850 oonsilio,
1387 3762 1587 3861 officioque,
1622 3762 1653 3836 si
1676 3763 1924 3861 postularetur,
1957 3760 2108 3836 maxima
2135 3761 2188 3834 in·

675 3877 808 3952 dustria
831 3879 916 3952 eniti
937 3879 1056 3978 juvare
1082 3887 1118 3954 et
1138 3879 1250 3954 favere
1269 3903 1462 3978 numquam
1483 3902 1554 3954 non
1574 3880 1832 3978 paratissimus,
1857 3905 1968 3980 quum
1988 3879 2032 3953 da
2052 3877 2186 3954 Acade·

673 3995 764 4072 miae
798 3999 986 4074 commodis
1017 3999 1241 4098 procurandis
1276 4006 1312 4074 et
1340 3999 1527 4098 augendis,
1560 3999 1605 4074 de
1628 3999 1690 4088 111,
1714 4025 1803 4100 quaa
1824 4000 1916 4076 bona
1941 4005 2039 4074 arant
2060 4006 2096 4072 et
2117 4021 2186 4074 usu

672 4113 915 4214 comprobata,
948 4119 1210 4208 conservandis,
1237 4161 1287 4176 -
1320 4119 1485 4212 temerius
1514 4118 1636 4194 saltem
1668 4145 1737 4194 non
1765 4121 1965 4210 mutandis,
1991 4162 2042 4180 -
2073 4118 2186 4217 deque

668 4234 808 4331 juribus
831 4237 1039 4313 Academiae
1063 4238 1209 4338 ejusque
1233 4238 1402 4337 dignitate
1426 4240 1583 4330 tuendis,
1607 4247 1775 4339 ageretur.

719 4355 785 4429 Est
809 4354 917 4454 igitur
938 4357 1047 4432 eheu!
1074 4357 1307 4448 verissimum,
1331 4383 1495 4458 magnam
1519 4359 1549 4434 si
1571 4359 1719 4434 dicimus
1741 4359 1894 4449 abdam,
1919 4383 2025 4458 quam
2048 4359 2182 4434 Acade·

669 4474 759 4563 ruia,
790 4473 897 4575 hujus
928 4477 1215 4576 praestantissimi
1240 4476 1317 4551 Viri
1347 4486 1477 4567 morte,
1510 4479 1650 4578 aceepit.
1699 4481 1746 4554 Et
1770 4503 1830 4554 vos
1851 4479 1976 4566 etiam,
2000 4476 2076 4552 Viri
2096 4479 2183 4552 Am·

668 4593 835 4692 plissimil
872 4622 977 4697 quem
1003 4597 1183 4673 amisimus
1206 4598 1377 4696 praeclare
1403 4598 1447 4672 de
1467 4598 1655 4674 Academici
1675 4599 1837 4674 mentum
1869 4600 2087 4684 Curatorem,
2111 4597 2184 4671 Vos

668 4711 830 4789 amisistis
868 4717 1039 4816 optimum
1068 4719 1255 4818 collegam,
1287 4717 1495 4794 Academiae
1519 4743 1634 4794 rarum
1655 4717 1944 4794 moderandarum
1969 4715 2101 4791 socium
2123 4739 2181 4790 ex·

667 4830 944 4932 optatissimum
967 4883 1019 4899 --
1042 4845 1164 4938 estque
1187 4838 1278 4914 inter
1298 4837 1389 4928 Vos,
1416 4837 1494 4940 qui,
1520 4839 1624 4918 simul
1644 4838 1714 4914 fare
1738 4862 1819 4916 cum
1850 4837 2012 4914 defuncto
2036 4835 2182 4910 (iurator
