<?xml version="1.0" encoding="UTF-8"?>
<!DOCTYPE html PUBLIC "-//W3C//DTD XHTML 1.0 Transitional//EN"
    "http://www.w3.org/TR/xhtml1/DTD/xhtml1-transitional.dtd">
<html xmlns="http://www.w3.org/1999/xhtml" xml:lang="en" lang="en">
 <head>
  <title>
</title>
<meta http-equiv="Content-Type" content="text/html;charset=utf-8" />
  <meta name='ocr-system' content='tesseract 3.04.00' />
  <meta name='ocr-capabilities' content='ocr_page ocr_carea ocr_par ocr_line ocrx_word'/>
</head>
<body>
  <div class='ocr_page' id='page_1' title='image "annalesacademic02unkngoog_0090.png"; bbox 0 0 4986 6200; ppageno 0'>
   <div class='ocr_carea' id='block_1_1' title="bbox 747 685 1782 758">
    <p class='ocr_par' dir='ltr' id='par_1_1' title="bbox 747 685 1782 758">
     <span class='ocr_line' id='line_1_1' title="bbox 747 685 1782 758; baseline -0.004 -3"><span class='ocrx_word' id='word_1_1' title='bbox 747 689 941 758; x_wconf 82' lang='lat' dir='ltr'>SERIES</span> <span class='ocrx_word' id='word_1_2' title='bbox 986 685 1313 758; x_wconf 85' lang='lat' dir='ltr'><strong>LECTIONUM.</strong></span> <span class='ocrx_word' id='word_1_3' title='bbox 1741 687 1782 752; x_wconf 84' lang='grc'><strong>79</strong></span> 
     </span>
    </p>
   </div>
   <div class='ocr_carea' id='block_1_2' title="bbox 263 887 1806 3134">
    <p class='ocr_par' dir='ltr' id='par_1_2' title="bbox 263 887 1806 3134">
     <span class='ocr_line' id='line_1_2' title="bbox 266 887 1692 994; baseline 0.001 -26"><span class='ocrx_word' id='word_1_4' title='bbox 266 894 300 969; x_wconf 87' lang='lat' dir='ltr'><strong>J.</strong></span> <span class='ocrx_word' id='word_1_5' title='bbox 327 895 367 970; x_wconf 87' lang='lat' dir='ltr'><strong>F.</strong></span> <span class='ocrx_word' id='word_1_6' title='bbox 390 918 463 970; x_wconf 77' lang='lat' dir='ltr'><strong>vsa</strong></span> <span class='ocrx_word' id='word_1_7' title='bbox 488 897 640 985; x_wconf 82' lang='lat' dir='ltr'><strong>Oornr,</strong></span> <span class='ocrx_word' id='word_1_8' title='bbox 665 895 699 971; x_wconf 87' lang='lat' dir='ltr'><strong>J.</strong></span> <span class='ocrx_word' id='word_1_9' title='bbox 720 897 764 973; x_wconf 87' lang='lat' dir='ltr'><strong>G.</strong></span> <span class='ocrx_word' id='word_1_10' title='bbox 786 897 886 985; x_wconf 68' lang='lat' dir='ltr'><strong>Fra,</strong></span> <span class='ocrx_word' id='word_1_11' title='bbox 920 895 1142 994; x_wconf 69' lang='lat' dir='ltr'><strong>&#39;theologiam</strong></span> <span class='ocrx_word' id='word_1_12' title='bbox 1166 887 1399 970; x_wconf 79' lang='lat' dir='ltr'><strong>Christianam</strong></span> <span class='ocrx_word' id='word_1_13' title='bbox 1423 893 1555 970; x_wconf 87' lang='lat' dir='ltr'><strong>theore-</strong></span> <span class='ocrx_word' id='word_1_14' title='bbox 1689 933 1692 940; x_wconf 93' lang='lat'><em>·</em></span> 
     </span>
     <span class='ocr_line' id='line_1_3' title="bbox 317 1010 1772 1104; baseline -0.003 -15"><span class='ocrx_word' id='word_1_15' title='bbox 317 1015 422 1089; x_wconf 87' lang='lat' dir='ltr'><strong>ticam</strong></span> <span class='ocrx_word' id='word_1_16' title='bbox 446 1015 627 1104; x_wconf 76' lang='lat' dir='ltr'><strong>tractabit,</strong></span> <span class='ocrx_word' id='word_1_17' title='bbox 653 1015 777 1090; x_wconf 90' lang='lat' dir='ltr'><strong>diebus</strong></span> <span class='ocrx_word' id='word_1_18' title='bbox 799 1017 983 1103; x_wconf 86' lang='lat' dir='ltr'><strong>Mercurii,</strong></span> <span class='ocrx_word' id='word_1_19' title='bbox 1008 1015 1104 1090; x_wconf 90' lang='lat' dir='ltr'><strong>Jovis</strong></span> <span class='ocrx_word' id='word_1_20' title='bbox 1128 1023 1164 1090; x_wconf 88' lang='lat' dir='ltr'><strong>et</strong></span> <span class='ocrx_word' id='word_1_21' title='bbox 1186 1014 1352 1103; x_wconf 89' lang='lat' dir='ltr'><strong>Veneris,</strong></span> <span class='ocrx_word' id='word_1_22' title='bbox 1402 1071 1555 1090; x_wconf 93' lang='grc'><strong>.....</strong></span> <span class='ocrx_word' id='word_1_23' title='bbox 1594 1013 1677 1087; x_wconf 76' lang='lat' dir='ltr'><strong>hort</strong></span> <span class='ocrx_word' id='word_1_24' title='bbox 1708 1010 1772 1085; x_wconf 94' lang='lat' dir='ltr'><strong>IX.</strong></span> 
     </span>
     <span class='ocr_line' id='line_1_4' title="bbox 361 1133 1555 1233; baseline 0.002 -28"><span class='ocrx_word' id='word_1_25' title='bbox 361 1133 552 1232; x_wconf 88' lang='lat' dir='ltr'><strong>Epistolam</strong></span> <span class='ocrx_word' id='word_1_26' title='bbox 583 1134 643 1210; x_wconf 73' lang='lat' dir='ltr'><strong>adv</strong></span> <span class='ocrx_word' id='word_1_27' title='bbox 659 1135 838 1210; x_wconf 85' lang='lat' dir='ltr'><strong>Hebraeos</strong></span> <span class='ocrx_word' id='word_1_28' title='bbox 870 1134 1172 1233; x_wconf 75' lang='lat' dir='ltr'><strong>interpretabitur,</strong></span> <span class='ocrx_word' id='word_1_29' title='bbox 1208 1133 1332 1208; x_wconf 90' lang='lat' dir='ltr'><strong>diebus</strong></span> <span class='ocrx_word' id='word_1_30' title='bbox 1365 1133 1486 1208; x_wconf 87' lang='lat' dir='ltr'><strong>Lunae</strong></span> <span class='ocrx_word' id='word_1_31' title='bbox 1519 1139 1555 1206; x_wconf 92' lang='lat' dir='ltr'><strong>et</strong></span> 
     </span>
     <span class='ocr_line' id='line_1_5' title="bbox 412 1249 1774 1340; baseline 0.001 -16"><span class='ocrx_word' id='word_1_32' title='bbox 412 1250 578 1340; x_wconf 85' lang='lat' dir='ltr'><strong>Veneris,</strong></span> <span class='ocrx_word' id='word_1_33' title='bbox 612 1312 619 1328; x_wconf 91' lang='lat'><strong>.</strong></span> <span class='ocrx_word' id='word_1_34' title='bbox 648 1311 655 1326; x_wconf 94' lang='lat'><strong>.</strong></span> <span class='ocrx_word' id='word_1_35' title='bbox 684 1313 709 1328; x_wconf 86' lang='lat'><strong>..</strong></span> <span class='ocrx_word' id='word_1_36' title='bbox 720 1310 1556 1330; x_wconf 91' lang='grc'><strong>........................</strong></span> <span class='ocrx_word' id='word_1_37' title='bbox 1727 1249 1774 1326; x_wconf 89' lang='grc' dir='ltr'><strong>Χ.</strong></span> 
     </span>
     <span class='ocr_line' id='line_1_6' title="bbox 364 1370 1773 1462; baseline 0.003 -20"><span class='ocrx_word' id='word_1_38' title='bbox 364 1370 624 1447; x_wconf 90' lang='lat' dir='ltr'><strong>Institutionem</strong></span> <span class='ocrx_word' id='word_1_39' title='bbox 649 1372 803 1447; x_wconf 88' lang='lat' dir='ltr'><strong>Oratoris</strong></span> <span class='ocrx_word' id='word_1_40' title='bbox 821 1375 855 1449; x_wconf 91' lang='lat' dir='ltr'><strong>S.</strong></span> <span class='ocrx_word' id='word_1_41' title='bbox 873 1373 1004 1462; x_wconf 88' lang='lat' dir='ltr'><strong>tradet,</strong></span> <span class='ocrx_word' id='word_1_42' title='bbox 1029 1373 1153 1448; x_wconf 89' lang='lat' dir='ltr'><strong>diebus</strong></span> <span class='ocrx_word' id='word_1_43' title='bbox 1171 1371 1297 1447; x_wconf 89' lang='lat' dir='ltr'><strong>Martis</strong></span> <span class='ocrx_word' id='word_1_44' title='bbox 1317 1378 1352 1445; x_wconf 87' lang='lat' dir='ltr'><strong>et</strong></span> <span class='ocrx_word' id='word_1_45' title='bbox 1372 1371 1553 1460; x_wconf 87' lang='lat' dir='ltr'><strong>Mercurii,</strong></span> <span class='ocrx_word' id='word_1_46' title='bbox 1726 1371 1773 1446; x_wconf 93' lang='lat' dir='ltr'><strong>X.</strong></span> 
     </span>
     <span class='ocr_line' id='line_1_7' title="bbox 361 1490 1772 1592; baseline 0.003 -30"><span class='ocrx_word' id='word_1_47' title='bbox 361 1490 670 1589; x_wconf 86' lang='lat' dir='ltr'><strong>Enoyclopaadiam</strong></span> <span class='ocrx_word' id='word_1_48' title='bbox 694 1491 922 1591; x_wconf 78' lang='lat' dir='ltr'><strong>theologicam</strong></span> <span class='ocrx_word' id='word_1_49' title='bbox 946 1501 1116 1592; x_wconf 84' lang='lat' dir='ltr'><strong>exponet,</strong></span> <span class='ocrx_word' id='word_1_50' title='bbox 1141 1491 1197 1566; x_wconf 89' lang='lat' dir='ltr'><strong>die</strong></span> <span class='ocrx_word' id='word_1_51' title='bbox 1220 1490 1335 1577; x_wconf 86' lang='lat' dir='ltr'><strong>Jovis,</strong></span> <span class='ocrx_word' id='word_1_52' title='bbox 1363 1548 1393 1590; x_wconf 28' lang='grc'><strong>,1</strong></span> <span class='ocrx_word' id='word_1_53' title='bbox 1399 1549 1551 1566; x_wconf 92' lang='grc'><strong>.....</strong></span> <span class='ocrx_word' id='word_1_54' title='bbox 1726 1491 1772 1566; x_wconf 91' lang='lat' dir='ltr'><strong>X.</strong></span> 
     </span>
     <span class='ocr_line' id='line_1_8' title="bbox 461 1609 1147 1710; baseline 0.006 -28"><span class='ocrx_word' id='word_1_55' title='bbox 461 1617 496 1682; x_wconf 92' lang='lat' dir='ltr'><strong>et</strong></span> <span class='ocrx_word' id='word_1_56' title='bbox 520 1609 587 1684; x_wconf 90' lang='lat' dir='ltr'><strong>alia</strong></span> <span class='ocrx_word' id='word_1_57' title='bbox 609 1610 692 1684; x_wconf 78' lang='lat' dir='ltr'><strong>horh</strong></span> <span class='ocrx_word' id='word_1_58' title='bbox 717 1610 933 1686; x_wconf 81' lang='lat' dir='ltr'><strong>auditoribus</strong></span> <span class='ocrx_word' id='word_1_59' title='bbox 956 1612 1147 1710; x_wconf 74' lang='lat' dir='ltr'><strong>commoda.</strong></span> 
     </span>
     <span class='ocr_line' id='line_1_9' title="bbox 263 1725 1553 1829; baseline 0.003 -32"><span class='ocrx_word' id='word_1_60' title='bbox 263 1725 298 1798; x_wconf 85' lang='lat' dir='ltr'><strong>J.</strong></span> <span class='ocrx_word' id='word_1_61' title='bbox 325 1727 373 1800; x_wconf 91' lang='lat' dir='ltr'><strong>H.</strong></span> <span class='ocrx_word' id='word_1_62' title='bbox 398 1729 590 1803; x_wconf 82' lang='lat' dir='ltr'><strong>Sosonrnr</strong></span> <span class='ocrx_word' id='word_1_63' title='bbox 622 1731 854 1829; x_wconf 83' lang='lat' dir='ltr'><strong>Euangelium</strong></span> <span class='ocrx_word' id='word_1_64' title='bbox 884 1733 1069 1807; x_wconf 78' lang='lat' dir='ltr'><strong>donamus</strong></span> <span class='ocrx_word' id='word_1_65' title='bbox 1094 1739 1130 1805; x_wconf 91' lang='lat' dir='ltr'><strong>et</strong></span> <span class='ocrx_word' id='word_1_66' title='bbox 1150 1730 1270 1804; x_wconf 78' lang='lat' dir='ltr'><strong>Psuur</strong></span> <span class='ocrx_word' id='word_1_67' title='bbox 1302 1727 1482 1826; x_wconf 89' lang='lat' dir='ltr'><strong>epistolam</strong></span> <span class='ocrx_word' id='word_1_68' title='bbox 1507 1728 1553 1803; x_wconf 88' lang='lat' dir='ltr'><strong>ad</strong></span> 
     </span>
     <span class='ocr_line' id='line_1_10' title="bbox 318 1845 1773 1948; baseline 0.001 -30"><span class='ocrx_word' id='word_1_69' title='bbox 318 1845 513 1922; x_wconf 84' lang='lat' dir='ltr'><strong>Corinthios</strong></span> <span class='ocrx_word' id='word_1_70' title='bbox 536 1847 685 1947; x_wconf 87' lang='lat' dir='ltr'><strong>priorem</strong></span> <span class='ocrx_word' id='word_1_71' title='bbox 707 1848 1006 1948; x_wconf 81' lang='lat' dir='ltr'><strong>interpretabitur,</strong></span> <span class='ocrx_word' id='word_1_72' title='bbox 1031 1851 1155 1924; x_wconf 88' lang='lat' dir='ltr'><strong>diebus</strong></span> <span class='ocrx_word' id='word_1_73' title='bbox 1178 1847 1303 1924; x_wconf 90' lang='lat' dir='ltr'><strong>Martis</strong></span> <span class='ocrx_word' id='word_1_74' title='bbox 1327 1853 1362 1919; x_wconf 89' lang='lat' dir='ltr'><strong>et</strong></span> <span class='ocrx_word' id='word_1_75' title='bbox 1385 1845 1502 1934; x_wconf 88' lang='lat' dir='ltr'><strong>Jovis,</strong></span> <span class='ocrx_word' id='word_1_76' title='bbox 1545 1904 1552 1920; x_wconf 94' lang='lat'><strong>.</strong></span> <span class='ocrx_word' id='word_1_77' title='bbox 1707 1846 1773 1921; x_wconf 89' lang='lat' dir='ltr'><strong>XI.</strong></span> 
     </span>
     <span class='ocr_line' id='line_1_11' title="bbox 459 1967 1806 2057; baseline 0 -15"><span class='ocrx_word' id='word_1_78' title='bbox 459 1975 494 2040; x_wconf 93' lang='lat' dir='ltr'><strong>et</strong></span> <span class='ocrx_word' id='word_1_79' title='bbox 519 1967 575 2042; x_wconf 91' lang='lat' dir='ltr'><strong>die</strong></span> <span class='ocrx_word' id='word_1_80' title='bbox 600 1969 786 2057; x_wconf 89' lang='lat' dir='ltr'><strong>Mercurii,</strong></span> <span class='ocrx_word' id='word_1_81' title='bbox 823 2023 1554 2046; x_wconf 91' lang='grc'><strong>.....................</strong></span> <span class='ocrx_word' id='word_1_82' title='bbox 1743 1967 1775 2040; x_wconf 91' lang='grc' dir='ltr'><strong>Ι.</strong></span> <span class='ocrx_word' id='word_1_83' title='bbox 1802 2041 1806 2044; x_wconf 85' lang='grc'><strong>,</strong></span> 
     </span>
     <span class='ocr_line' id='line_1_12' title="bbox 362 2080 1554 2188; baseline 0 -29"><span class='ocrx_word' id='word_1_84' title='bbox 362 2083 570 2185; x_wconf 82' lang='lat' dir='ltr'><strong>Theologiae</strong></span> <span class='ocrx_word' id='word_1_85' title='bbox 593 2089 760 2164; x_wconf 61' lang='lat' dir='ltr'><strong>naturalis</strong></span> <span class='ocrx_word' id='word_1_86' title='bbox 785 2089 855 2164; x_wconf 89' lang='lat' dir='ltr'><strong>sive</strong></span> <span class='ocrx_word' id='word_1_87' title='bbox 875 2088 1115 2188; x_wconf 83' lang='lat' dir='ltr'><strong>Philosophiae</strong></span> <span class='ocrx_word' id='word_1_88' title='bbox 1137 2087 1181 2162; x_wconf 88' lang='lat' dir='ltr'><strong>de</strong></span> <span class='ocrx_word' id='word_1_89' title='bbox 1202 2087 1278 2160; x_wconf 91' lang='lat' dir='ltr'><strong>Deo</strong></span> <span class='ocrx_word' id='word_1_90' title='bbox 1301 2080 1480 2160; x_wconf 78' lang='lat' dir='ltr'><strong>historiam</strong></span> <span class='ocrx_word' id='word_1_91' title='bbox 1502 2108 1554 2158; x_wconf 91' lang='lat' dir='ltr'><strong>re·</strong></span> 
     </span>
     <span class='ocr_line' id='line_1_13' title="bbox 409 2204 1773 2298; baseline -0.002 -20"><span class='ocrx_word' id='word_1_92' title='bbox 409 2206 595 2281; x_wconf 83' lang='lat' dir='ltr'><strong>certiorem</strong></span> <span class='ocrx_word' id='word_1_93' title='bbox 619 2207 811 2298; x_wconf 88' lang='lat' dir='ltr'><strong>enarrabit,</strong></span> <span class='ocrx_word' id='word_1_94' title='bbox 836 2207 958 2285; x_wconf 88' lang='lat' dir='ltr'><strong>diebus</strong></span> <span class='ocrx_word' id='word_1_95' title='bbox 981 2209 1078 2283; x_wconf 87' lang='lat' dir='ltr'><strong>Joris</strong></span> <span class='ocrx_word' id='word_1_96' title='bbox 1102 2213 1138 2282; x_wconf 90' lang='lat' dir='ltr'><strong>et</strong></span> <span class='ocrx_word' id='word_1_97' title='bbox 1160 2206 1326 2295; x_wconf 89' lang='lat' dir='ltr'><strong>Veneris,</strong></span> <span class='ocrx_word' id='word_1_98' title='bbox 1363 2262 1554 2281; x_wconf 92' lang='grc'><strong>......</strong></span> <span class='ocrx_word' id='word_1_99' title='bbox 1744 2204 1773 2276; x_wconf 94' lang='grc' dir='ltr'><strong>Ι.</strong></span> 
     </span>
     <span class='ocr_line' id='line_1_14' title="bbox 264 2321 1773 2416; baseline 0.007 -22"><span class='ocrx_word' id='word_1_100' title='bbox 264 2360 272 2369; x_wconf 96' lang='grc'>-</span> <span class='ocrx_word' id='word_1_101' title='bbox 359 2321 543 2398; x_wconf 88' lang='lat' dir='ltr'><strong>Librorum</strong></span> <span class='ocrx_word' id='word_1_102' title='bbox 567 2326 614 2400; x_wconf 94' lang='lat' dir='ltr'><strong>N.</strong></span> <span class='ocrx_word' id='word_1_103' title='bbox 633 2325 673 2402; x_wconf 83' lang='lat' dir='ltr'><strong>F.</strong></span> <span class='ocrx_word' id='word_1_104' title='bbox 698 2327 877 2403; x_wconf 89' lang='lat' dir='ltr'><strong>historiam</strong></span> <span class='ocrx_word' id='word_1_105' title='bbox 900 2328 1032 2416; x_wconf 90' lang='lat' dir='ltr'><strong>tradet,</strong></span> <span class='ocrx_word' id='word_1_106' title='bbox 1057 2326 1181 2400; x_wconf 92' lang='lat' dir='ltr'><strong>diebus</strong></span> <span class='ocrx_word' id='word_1_107' title='bbox 1204 2324 1325 2401; x_wconf 85' lang='lat' dir='ltr'><strong>Lunae</strong></span> <span class='ocrx_word' id='word_1_108' title='bbox 1340 2321 1384 2400; x_wconf 85' lang='lat' dir='ltr'><strong>¹et</strong></span> <span class='ocrx_word' id='word_1_109' title='bbox 1408 2324 1553 2412; x_wconf 86' lang='lat' dir='ltr'><strong>Martis,</strong></span> <span class='ocrx_word' id='word_1_110' title='bbox 1743 2323 1773 2395; x_wconf 86' lang='lat' dir='ltr'><strong>I·</strong></span> 
     </span>
     <span class='ocr_line' id='line_1_15' title="bbox 360 2441 1771 2545; baseline 0.001 -31"><span class='ocrx_word' id='word_1_111' title='bbox 360 2441 586 2518; x_wconf 90' lang='lat' dir='ltr'><strong>Orationibus</strong></span> <span class='ocrx_word' id='word_1_112' title='bbox 612 2445 723 2519; x_wconf 90' lang='lat' dir='ltr'><strong>Sacris</strong></span> <span class='ocrx_word' id='word_1_113' title='bbox 746 2446 915 2545; x_wconf 68' lang='lat' dir='ltr'><strong>praebrit,</strong></span> <span class='ocrx_word' id='word_1_114' title='bbox 941 2447 997 2520; x_wconf 91' lang='lat' dir='ltr'><strong>die</strong></span> <span class='ocrx_word' id='word_1_115' title='bbox 1020 2443 1207 2533; x_wconf 85' lang='lat' dir='ltr'><strong>Mercurii,</strong></span> <span class='ocrx_word' id='word_1_116' title='bbox 1259 2500 1555 2522; x_wconf 90' lang='grc'><strong>.........</strong></span> <span class='ocrx_word' id='word_1_117' title='bbox 1723 2443 1771 2516; x_wconf 94' lang='lat' dir='ltr'><strong>II.</strong></span> 
     </span>
     <span class='ocr_line' id='line_1_16' title="bbox 358 2547 1588 2664; baseline 0.002 -31"><span class='ocrx_word' id='word_1_118' title='bbox 358 2561 501 2636; x_wconf 89' lang='lat' dir='ltr'><strong>Publice</strong></span> <span class='ocrx_word' id='word_1_119' title='bbox 523 2563 726 2662; x_wconf 89' lang='lat' dir='ltr'><strong>disputandi</strong></span> <span class='ocrx_word' id='word_1_120' title='bbox 748 2565 1049 2641; x_wconf 86' lang='lat' dir='ltr'><strong>exercitationibus</strong></span> <span class='ocrx_word' id='word_1_121' title='bbox 1076 2571 1281 2664; x_wconf 71' lang='lat' dir='ltr'><strong>praetrunt,</strong></span> <span class='ocrx_word' id='word_1_122' title='bbox 1305 2562 1445 2638; x_wconf 88' lang='lat' dir='ltr'><strong>alternis</strong></span> <span class='ocrx_word' id='word_1_123' title='bbox 1470 2562 1554 2636; x_wconf 93' lang='lat' dir='ltr'><strong>heb·</strong></span> <span class='ocrx_word' id='word_1_124' title='bbox 1583 2547 1588 2554; x_wconf 46' lang='lat'>¹</span> 
     </span>
     <span class='ocr_line' id='line_1_17' title="bbox 406 2681 1554 2774; baseline 0.001 -20"><span class='ocrx_word' id='word_1_125' title='bbox 406 2681 633 2770; x_wconf 87' lang='lat' dir='ltr'><strong>domadibus,</strong></span> <span class='ocrx_word' id='word_1_126' title='bbox 673 2683 729 2757; x_wconf 91' lang='lat' dir='ltr'><strong>die</strong></span> <span class='ocrx_word' id='word_1_127' title='bbox 760 2685 878 2774; x_wconf 90' lang='lat' dir='ltr'><strong>Jovis,</strong></span> <span class='ocrx_word' id='word_1_128' title='bbox 913 2685 997 2758; x_wconf 78' lang='lat' dir='ltr'><strong>hora</strong></span> <span class='ocrx_word' id='word_1_129' title='bbox 1026 2684 1088 2772; x_wconf 96' lang='lat' dir='ltr'><strong>II,</strong></span> <span class='ocrx_word' id='word_1_130' title='bbox 1122 2682 1316 2757; x_wconf 86' lang='lat' dir='ltr'><strong>alternatim</strong></span> <span class='ocrx_word' id='word_1_131' title='bbox 1346 2682 1381 2757; x_wconf 85' lang='lat' dir='ltr'><strong>J.</strong></span> <span class='ocrx_word' id='word_1_132' title='bbox 1409 2683 1449 2758; x_wconf 81' lang='lat' dir='ltr'><strong>F.</strong></span> <span class='ocrx_word' id='word_1_133' title='bbox 1479 2704 1554 2756; x_wconf 77' lang='lat' dir='ltr'><strong>vas</strong></span> 
     </span>
     <span class='ocr_line' id='line_1_18' title="bbox 337 2799 1613 2900; baseline 0.002 -28"><span class='ocrx_word' id='word_1_134' title='bbox 337 2845 341 2852; x_wconf 91' lang='lat'>·</span> <span class='ocrx_word' id='word_1_135' title='bbox 412 2799 565 2888; x_wconf 85' lang='lat' dir='ltr'><strong>Ooanr,</strong></span> <span class='ocrx_word' id='word_1_136' title='bbox 590 2801 624 2877; x_wconf 89' lang='lat' dir='ltr'><strong>J.</strong></span> <span class='ocrx_word' id='word_1_137' title='bbox 649 2803 693 2876; x_wconf 87' lang='lat' dir='ltr'><strong>G.</strong></span> <span class='ocrx_word' id='word_1_138' title='bbox 718 2805 797 2878; x_wconf 82' lang='lat' dir='ltr'><strong>Fu..</strong></span> <span class='ocrx_word' id='word_1_139' title='bbox 823 2803 916 2878; x_wconf 82' lang='lat' dir='ltr'><strong>etl.</strong></span> <span class='ocrx_word' id='word_1_140' title='bbox 941 2802 990 2877; x_wconf 96' lang='lat' dir='ltr'><strong>H.</strong></span> <span class='ocrx_word' id='word_1_141' title='bbox 1017 2803 1221 2876; x_wconf 78' lang='lat' dir='ltr'><strong>Sosonrsrr.</strong></span> <span class='ocrx_word' id='word_1_142' title='bbox 1610 2893 1613 2900; x_wconf 88' lang='lat'><strong>.</strong></span> 
     </span>
     <span class='ocr_line' id='line_1_19' title="bbox 359 2915 1555 3019; baseline 0.002 -29"><span class='ocrx_word' id='word_1_143' title='bbox 359 2915 598 2993; x_wconf 72' lang='lat' dir='ltr'><strong>*³¹*Vacanti</strong></span> <span class='ocrx_word' id='word_1_144' title='bbox 633 2928 774 3019; x_wconf 90' lang='lat' dir='ltr'><strong>quartae</strong></span> <span class='ocrx_word' id='word_1_145' title='bbox 801 2922 838 2996; x_wconf 93' lang='lat' dir='ltr'><strong>in</strong></span> <span class='ocrx_word' id='word_1_146' title='bbox 862 2921 1067 3019; x_wconf 78' lang='lat' dir='ltr'><strong>Theologiot</strong></span> <span class='ocrx_word' id='word_1_147' title='bbox 1089 2921 1268 2996; x_wconf 80' lang='lat' dir='ltr'><strong>Facultate</strong></span> <span class='ocrx_word' id='word_1_148' title='bbox 1289 2917 1470 2994; x_wconf 88' lang='lat' dir='ltr'><strong>cathedrae</strong></span> <span class='ocrx_word' id='word_1_149' title='bbox 1492 2917 1555 2992; x_wconf 91' lang='lat' dir='ltr'><strong>ubi</strong></span> 
     </span>
     <span class='ocr_line' id='line_1_20' title="bbox 404 3037 1552 3134; baseline 0.003 -26"><span class='ocrx_word' id='word_1_150' title='bbox 404 3044 628 3134; x_wconf 88' lang='lat' dir='ltr'><strong>prospectum</strong></span> <span class='ocrx_word' id='word_1_151' title='bbox 663 3040 746 3128; x_wconf 91' lang='lat' dir='ltr'><strong>erit,</strong></span> <span class='ocrx_word' id='word_1_152' title='bbox 778 3040 824 3115; x_wconf 90' lang='lat' dir='ltr'><strong>ad</strong></span> <span class='ocrx_word' id='word_1_153' title='bbox 848 3041 962 3116; x_wconf 90' lang='lat' dir='ltr'><strong>valvas</strong></span> <span class='ocrx_word' id='word_1_154' title='bbox 991 3039 1198 3116; x_wconf 87' lang='lat' dir='ltr'><strong>Academiae</strong></span> <span class='ocrx_word' id='word_1_155' title='bbox 1225 3037 1455 3126; x_wconf 90' lang='lat' dir='ltr'><strong>indicabitur,</strong></span> <span class='ocrx_word' id='word_1_156' title='bbox 1480 3039 1552 3112; x_wconf 89' lang='lat' dir='ltr'><strong>cui·</strong></span> 
     </span>
    </p>
   </div>
   <div class='ocr_carea' id='block_1_3' title="bbox 405 3154 1554 3349">
    <p class='ocr_par' dir='ltr' id='par_1_3' title="bbox 405 3154 1554 3349">
     <span class='ocr_line' id='line_1_21' title="bbox 405 3154 1554 3256; baseline 0.004 -32"><span class='ocrx_word' id='word_1_157' title='bbox 405 3175 487 3244; x_wconf 85' lang='lat' dir='ltr'><strong>nam</strong></span> <span class='ocrx_word' id='word_1_158' title='bbox 510 3154 674 3251; x_wconf 85' lang='lat' dir='ltr'><strong>professio</strong></span> <span class='ocrx_word' id='word_1_159' title='bbox 699 3156 744 3230; x_wconf 91' lang='lat' dir='ltr'><strong>sit</strong></span> <span class='ocrx_word' id='word_1_160' title='bbox 765 3157 894 3246; x_wconf 90' lang='lat' dir='ltr'><strong>delata,</strong></span> <span class='ocrx_word' id='word_1_161' title='bbox 915 3164 951 3232; x_wconf 91' lang='lat' dir='ltr'><strong>et</strong></span> <span class='ocrx_word' id='word_1_162' title='bbox 977 3181 1064 3256; x_wconf 87' lang='lat' dir='ltr'><strong>quas</strong></span> <span class='ocrx_word' id='word_1_163' title='bbox 1088 3179 1198 3231; x_wconf 81' lang='lat' dir='ltr'><strong>norm</strong></span> <span class='ocrx_word' id='word_1_164' title='bbox 1222 3155 1398 3232; x_wconf 83' lang='lat' dir='ltr'><strong>Professor</strong></span> <span class='ocrx_word' id='word_1_165' title='bbox 1423 3155 1554 3246; x_wconf 84' lang='lat' dir='ltr'><strong>scholas</strong></span> 
     </span>
     <span class='ocr_line' id='line_1_22' title="bbox 407 3269 672 3349; baseline 0.026 -7"><span class='ocrx_word' id='word_1_166' title='bbox 407 3269 592 3348; x_wconf 90' lang='lat' dir='ltr'><strong>habiturus</strong></span> <span class='ocrx_word' id='word_1_167' title='bbox 617 3273 672 3349; x_wconf 89' lang='lat' dir='ltr'><strong>sit.</strong></span> 
     </span>
    </p>
   </div>
   <div class='ocr_carea' id='block_1_4' title="bbox 889 3546 1152 3561">
    <p class='ocr_par' dir='ltr' id='par_1_4' title="bbox 889 3546 1152 3561">
     <span class='ocr_line' id='line_1_23' title="bbox 889 3546 1152 3561; baseline -0.011 0"><span class='ocrx_word' id='word_1_168' title='bbox 889 3546 1152 3561; x_wconf 46' lang='grc' dir='ltr'><em>ᾔ</em></span> 
     </span>
    </p>
   </div>
   <div class='ocr_carea' id='block_1_5' title="bbox 260 3721 1546 4061">
    <p class='ocr_par' dir='ltr' id='par_1_5' title="bbox 260 3721 1546 4061">
     <span class='ocr_line' id='line_1_24' title="bbox 260 3721 1546 3837; baseline 0.002 -21"><span class='ocrx_word' id='word_1_169' title='bbox 260 3741 298 3816; x_wconf 89' lang='grc' dir='ltr'><strong>Ρ.</strong></span> <span class='ocrx_word' id='word_1_170' title='bbox 321 3744 365 3819; x_wconf 88' lang='lat'><strong>0.</strong></span> <span class='ocrx_word' id='word_1_171' title='bbox 388 3768 462 3819; x_wconf 75' lang='lat' dir='ltr'><strong>var</strong></span> <span class='ocrx_word' id='word_1_172' title='bbox 483 3769 557 3820; x_wconf 85' lang='lat' dir='ltr'><strong>nna</strong></span> <span class='ocrx_word' id='word_1_173' title='bbox 582 3721 714 3837; x_wconf 86' lang='lat' dir='ltr'><strong>Onrrs,</strong></span> <span class='ocrx_word' id='word_1_174' title='bbox 749 3749 851 3822; x_wconf 89' lang='lat' dir='ltr'><strong>titulo</strong></span> <span class='ocrx_word' id='word_1_175' title='bbox 883 3749 974 3823; x_wconf 86' lang='lat' dir='ltr'><strong>Prol.</strong></span> <span class='ocrx_word' id='word_1_176' title='bbox 1006 3749 1174 3824; x_wconf 86' lang='lat' dir='ltr'><strong>extraord.</strong></span> <span class='ocrx_word' id='word_1_177' title='bbox 1207 3753 1369 3834; x_wconf 89' lang='lat' dir='ltr'><strong>omatus,</strong></span> <span class='ocrx_word' id='word_1_178' title='bbox 1405 3747 1546 3820; x_wconf 82' lang='lat' dir='ltr'><strong>Numis-</strong></span> 
     </span>
     <span class='ocr_line' id='line_1_25' title="bbox 287 3865 1545 3966; baseline 0.001 -28"><span class='ocrx_word' id='word_1_179' title='bbox 287 3865 469 3960; x_wconf 83' lang='lat' dir='ltr'><strong>maticam</strong></span> <span class='ocrx_word' id='word_1_180' title='bbox 501 3867 727 3944; x_wconf 89' lang='lat' dir='ltr'><strong>universalem</strong></span> <span class='ocrx_word' id='word_1_181' title='bbox 751 3868 908 3956; x_wconf 90' lang='lat' dir='ltr'><strong>docebit,</strong></span> <span class='ocrx_word' id='word_1_182' title='bbox 942 3867 1066 3942; x_wconf 87' lang='lat' dir='ltr'><strong>diebus</strong></span> <span class='ocrx_word' id='word_1_183' title='bbox 1088 3875 1123 3942; x_wconf 91' lang='lat' dir='ltr'><strong>et</strong></span> <span class='ocrx_word' id='word_1_184' title='bbox 1146 3866 1259 3954; x_wconf 91' lang='lat' dir='ltr'><strong>horis,</strong></span> <span class='ocrx_word' id='word_1_185' title='bbox 1285 3891 1373 3966; x_wconf 88' lang='lat' dir='ltr'><strong>quae</strong></span> <span class='ocrx_word' id='word_1_186' title='bbox 1397 3866 1545 3940; x_wconf 87' lang='lat' dir='ltr'><strong>Audito·</strong></span> 
     </span>
     <span class='ocr_line' id='line_1_26' title="bbox 309 3984 642 4061; baseline 0.009 -4"><span class='ocrx_word' id='word_1_187' title='bbox 309 3984 406 4058; x_wconf 87' lang='lat' dir='ltr'><strong>ribus</strong></span> <span class='ocrx_word' id='word_1_188' title='bbox 430 3985 642 4061; x_wconf 89' lang='lat' dir='ltr'><strong>convenient.</strong></span> 
     </span>
    </p>
   </div>
   <div class='ocr_carea' id='block_1_6' title="bbox 258 4102 1862 4551">
    <p class='ocr_par' dir='ltr' id='par_1_6' title="bbox 258 4102 1862 4551">
     <span class='ocr_line' id='line_1_27' title="bbox 258 4102 1547 4206; baseline 0.005 -32"><span class='ocrx_word' id='word_1_189' title='bbox 258 4102 291 4176; x_wconf 84' lang='lat' dir='ltr'><strong>J.</strong></span> <span class='ocrx_word' id='word_1_190' title='bbox 313 4104 356 4177; x_wconf 90' lang='lat' dir='ltr'><strong>A.</strong></span> <span class='ocrx_word' id='word_1_191' title='bbox 379 4104 605 4193; x_wconf 80' lang='lat' dir='ltr'><strong>Booassrn,</strong></span> <span class='ocrx_word' id='word_1_192' title='bbox 625 4106 678 4180; x_wconf 92' lang='lat' dir='ltr'><strong>M.</strong></span> <span class='ocrx_word' id='word_1_193' title='bbox 697 4105 819 4194; x_wconf 85' lang='lat' dir='ltr'><strong>Doct,</strong></span> <span class='ocrx_word' id='word_1_194' title='bbox 837 4106 1035 4194; x_wconf 88' lang='lat' dir='ltr'><strong>Prosector,</strong></span> <span class='ocrx_word' id='word_1_195' title='bbox 1056 4105 1277 4180; x_wconf 83' lang='lat' dir='ltr'><strong>Anatomiam</strong></span> <span class='ocrx_word' id='word_1_196' title='bbox 1295 4105 1547 4206; x_wconf 88' lang='lat' dir='ltr'><strong>pathologicam</strong></span> 
     </span>
     <span class='ocr_line' id='line_1_28' title="bbox 307 4222 1862 4328; baseline 0.006 -34"><span class='ocrx_word' id='word_1_197' title='bbox 307 4223 440 4310; x_wconf 90' lang='lat' dir='ltr'><strong>tradet,</strong></span> <span class='ocrx_word' id='word_1_198' title='bbox 467 4222 523 4296; x_wconf 89' lang='lat' dir='ltr'><strong>die</strong></span> <span class='ocrx_word' id='word_1_199' title='bbox 547 4223 661 4311; x_wconf 88' lang='lat' dir='ltr'><strong>Jovis,</strong></span> <span class='ocrx_word' id='word_1_200' title='bbox 705 4281 1539 4302; x_wconf 88' lang='grc'><strong>........................</strong></span> <span class='ocrx_word' id='word_1_201' title='bbox 1572 4323 1575 4328; x_wconf 16' lang='lat'>⁸</span> <span class='ocrx_word' id='word_1_202' title='bbox 1612 4227 1762 4302; x_wconf 87' lang='lat' dir='ltr'><strong>II-IV.</strong></span> <span class='ocrx_word' id='word_1_203' title='bbox 1859 4247 1862 4252; x_wconf 83' lang='lat'>&#39;</span> 
     </span>
     <span class='ocr_line' id='line_1_29' title="bbox 355 4342 1541 4444; baseline 0.003 -30"><span class='ocrx_word' id='word_1_204' title='bbox 355 4342 576 4417; x_wconf 89' lang='lat' dir='ltr'><strong>Anatomiam</strong></span> <span class='ocrx_word' id='word_1_205' title='bbox 595 4342 790 4442; x_wconf 83' lang='lat' dir='ltr'><strong>generalem</strong></span> <span class='ocrx_word' id='word_1_206' title='bbox 811 4351 979 4442; x_wconf 80' lang='lat' dir='ltr'><strong>exponet,</strong></span> <span class='ocrx_word' id='word_1_207' title='bbox 1004 4351 1039 4416; x_wconf 91' lang='lat' dir='ltr'><strong>et</strong></span> <span class='ocrx_word' id='word_1_208' title='bbox 1060 4352 1181 4442; x_wconf 89' lang='lat' dir='ltr'><strong>aptum</strong></span> <span class='ocrx_word' id='word_1_209' title='bbox 1203 4343 1421 4444; x_wconf 86' lang='lat' dir='ltr'><strong>Microsoopii</strong></span> <span class='ocrx_word' id='word_1_210' title='bbox 1440 4344 1476 4418; x_wconf 90' lang='lat' dir='ltr'><strong>in</strong></span> <span class='ocrx_word' id='word_1_211' title='bbox 1501 4368 1541 4418; x_wconf 90' lang='lat' dir='ltr'><strong>ea</strong></span> 
     </span>
     <span class='ocr_line' id='line_1_30' title="bbox 401 4460 1762 4551; baseline 0.003 -16"><span class='ocrx_word' id='word_1_212' title='bbox 401 4460 546 4536; x_wconf 80' lang='lat' dir='ltr'><strong>colendd</strong></span> <span class='ocrx_word' id='word_1_213' title='bbox 570 4486 673 4538; x_wconf 87' lang='lat' dir='ltr'><strong>usum</strong></span> <span class='ocrx_word' id='word_1_214' title='bbox 696 4460 884 4550; x_wconf 89' lang='lat' dir='ltr'><strong>indicabit,</strong></span> <span class='ocrx_word' id='word_1_215' title='bbox 909 4461 965 4535; x_wconf 90' lang='lat' dir='ltr'><strong>die</strong></span> <span class='ocrx_word' id='word_1_216' title='bbox 989 4461 1133 4538; x_wconf 87' lang='lat' dir='ltr'><strong>Veneris</strong></span> <span class='ocrx_word' id='word_1_217' title='bbox 1139 4521 1540 4551; x_wconf 89' lang='lat'><strong>............</strong></span> <span class='ocrx_word' id='word_1_218' title='bbox 1610 4465 1762 4543; x_wconf 84' lang='lat' dir='ltr'><strong>II-IV.</strong></span> 
     </span>
    </p>
   </div>
   <div class='ocr_carea' id='block_1_7' title="bbox 0 0 2502 6196">
    <p class='ocr_par' dir='ltr' id='par_1_7' title="bbox 0 0 2502 6196">
     <span class='ocr_line' id='line_1_31' title="bbox 0 0 2502 6196; baseline 0 0"><span class='ocrx_word' id='word_1_219' title='bbox 0 0 2502 6196; x_wconf 95' lang='lat' dir='ltr'><strong> </strong></span> 
     </span>
    </p>
   </div>
  </div>
 </body>
</html>
